%%% Classics:  %%%

@article{raabprentiss,
  title = {Trapping of Neutral Sodium Atoms with Radiation Pressure},
  author = {Raab, E. L. and Prentiss, M. and Cable, Alex and Chu, Steven and Pritchard, D. E.},
  journal = {Phys. Rev. Lett.},
  volume = {59},
  issue = {23},
  pages = {2631--2634},
  numpages = {0},
  year = {1987},
  month = {Dec},
  publisher = {American Physical Society},
  doi = {10.1103/PhysRevLett.59.2631},
  url = {http://link.aps.org/doi/10.1103/PhysRevLett.59.2631}
}

@article{harveymurray,
  title = {Cold Atom Trap with Zero Residual Magnetic Field: The AC Magneto-Optical Trap},
  author = {Harvey, Matthew and Murray, Andrew James},
  journal = {Phys. Rev. Lett.},
  volume = {101},
  issue = {17},
  pages = {173201},
  numpages = {4},
  year = {2008},
  month = {Oct},
  publisher = {American Physical Society},
  doi = {10.1103/PhysRevLett.101.173201},
  url = {http://link.aps.org/doi/10.1103/PhysRevLett.101.173201}
}
  
@book{metcalf, 
	author={Harold J. Metcalf and Peter van der Straten}, 
	title={Laser Cooling and Trapping},
	publisher = {Springer-Verlag New York Inc.},
	year={1999}
}

@article{jtw,
  title = {Possible Tests of Time Reversal Invariance in Beta Decay},
  author = {Jackson, J. D. and Treiman, S. B. and Wyld, H. W.},
  journal = {Phys. Rev.},
  volume = {106},
  issue = {3},
  pages = {517--521},
  year = {1957},
  month = {May},
  publisher = {American Physical Society},
  doi = {10.1103/PhysRev.106.517},
  url = {http://link.aps.org/doi/10.1103/PhysRev.106.517}
}

@article{jtw_coulomb,
  title = {Coulomb Corrections in Allowed Beta Transitions},
 author = {Jackson, J.~D. and Treiman, S.~B. and Wyld, H.~W.},
journal = {Nuclear Physics},
   year = 1957,
  month = nov,
 volume = 4,
  pages = {206-212},
    doi = {10.1016/0029-5582(87)90019-8},
 adsurl = {http://adsabs.harvard.edu/abs/1957NucPh...4..206J},
adsnote = {Provided by the SAO/NASA Astrophysics Data System}
}

@article{Q_value,
 author = "G. Audi and A.H. Wapstra and C. Thibault",
  title = "The {AME2003} Atomic Mass Evaluation",
comment = "% Q values -- Q_AME2003.pdf %",
journal = "Nuclear Physics A",
 volume = "729",
 number = "1",
  pages = "337 - 676",
   year = "2003",
   note = "",
   issn = "0375-9474",
    doi = "http://dx.doi.org/10.1016/j.nuclphysa.2003.11.003",
    url = "http://www.sciencedirect.com/science/article/pii/S0375947403018098",
}

%%% Ours:  %%%

@mastersthesis{thesis, 
   series={Electronic Theses and Dissertations (ETDs) 2008+}, 
   title={Characterizing the {AC-MOT}}, 
   url={https://open.library.ubc.ca/cIRcle/collections/24/items/1.0165992}, 
   DOI={http://dx.doi.org/10.14288}, 
   school={University of British Columbia}, 
   author={Melissa Anholm}, 
   year={2014}, 
   collection={Electronic Theses and Dissertations (ETDs) 2008+}
}

@article{pshidling,
  title = {Precision half-life measurement of the ${\ensuremath{\beta}}^{+}$ decay of $^{37}\mathrm{K}$},
  author = {Shidling, P. D. and Melconian, D. and Behling, S. and Fenker, B. and Hardy, J. C. and Iacob, V. E. and McCleskey, E. and McCleskey, M. and Mehlman, M. and Park, H. I. and Roeder, B. T.},
  journal = {Phys. Rev. C},
  volume = {90},
  issue = {3},
  pages = {032501},
  numpages = {5},
  year = {2014},
  month = {Sep},
  publisher = {American Physical Society},
  doi = {10.1103/PhysRevC.90.032501},
  url = {http://link.aps.org/doi/10.1103/PhysRevC.90.032501}
}


@Article{Gorelov2000,
author="Gorelov, A. and Behr, J.A. and Melconian, D. and Trinczek, M.
and Dub{\'e}, P. and H{\"a}usser, O. and Giesen, U. and Jackson, K.P.
and Swanson, T. and D'Auria, J.M. and Dombsky, M. and Ball, G.
and Buchmann, L. and Jennings, B. and Dilling, J. and Schmid, J.
and Ashery, D. and Deutsch, J. and Alford, W.P. and Asgeirsson, D.
and Wong, W. and Lee, B.",
title="Beta--neutrino correlation experiments on laser trapped \isotope[38m]{K}, $^{37}\mathrm{K}$",
journal="Hyperfine Interactions",
year="2000",
volume="127",
number="1",
pages="373--380",
issn="1572-9540",
doi="10.1023/A:1012649229978",
url="http://dx.doi.org/10.1023/A:1012649229978"
}


@article{melconian_lambda2007,
  title={Measurement of the neutrino asymmetry in the $\beta$ decay of laser-cooled, polarized $^{37}\mathrm{K}$},
  author={Melconian, Daniel and Behr, JA and Ashery, D and Aviv, O and Bricault, PG and Dombsky, M and Fostner, S and Gorelov, A and Gu, S and Hanemaayer, V and others},
  journal={Physics Letters B},
  volume={649},
  number={5},
  pages={370--375},
  year={2007},
  publisher={Elsevier}
}

@PhDThesis{dan_thesis, 
   title={Measurement of the Neutrino Asymmetry in the Beta Decay of Laser-Cooled, Polarized $^{37}\textrm{K}$ }, 
   school={Simon Fraser University}, 
   author={Dan G. Melconian}, 
   year={2005}
}

%article{ben_OP1, 
%title={Precision measurement of the nuclear polarization in laser-%cooled, optically pumped $^{37}\mathrm{K}$},
%author={Benjamin Fenker and John A. Behr and Dan Melconian and Rhys M. %A. Anderson and Melissa Anholm and Daniel Ashery and Richard S. Behling and Iuliana Cohen and Ioana Craiciu and John M. Donohue and Christian Farfan and Daniel Friesen and Alexandre Gorelov and James McNeil and Michael Mehlman and Heather Norton and Konstantin Olchanski and Scott Smale and O. Theriault and Adrian N. Vantyghem and Claire L. Warner},
%year={2016},
%month={February},
%url={http://arxiv.org/abs/1602.04526v1},
%journal={Submitted to the New Journal of Physics}
%}

  	
@article{ben_OP,
  author={B Fenker and J A Behr and D Melconian and R M A Anderson and M Anholm and D Ashery and R S Behling and I Cohen and I Craiciu and J M
Donohue and C Farfan and D Friesen and A Gorelov and J McNeil and M Mehlman and H Norton and K Olchanski and S Smale and O Th\'{e}riault and A N
Vantyghem and C L Warner},
  title={Precision measurement of the nuclear polarization in laser-cooled, optically pumped $^{37}\textrm{K}$},
  journal={New Journal of Physics},
  volume={18},
  number={7},
  pages={073028},
  url={http://stacks.iop.org/1367-2630/18/i=7/a=073028}, 
  other_url={http://arxiv.org/abs/1602.04526v1},
  year={2016}
}
	

@article{swanson, 
author = {T. B. Swanson and D. Asgeirsson and J. A. Behr and A. Gorelov and D. Melconian}, 
journal = {J. Opt. Soc. Am. B}, 
keywords = {Laser trapping; Laser cooling},
number = {11}, 
pages = {2641--2645}, 
publisher = {OSA},
title = {Efficient transfer in a double magneto-optical trap system}, 
volume = {15}, 
month = {Nov},
year = {1998},
url = {http://josab.osa.org/abstract.cfm?URI=josab-15-11-2641},
doi = {10.1364/JOSAB.15.002641}
}


%%%  Useful:  %%%
@article{garcia_tensors,
  title = {Limits on tensor-type weak currents from nuclear and neutron $\ensuremath{\beta}$ decays},
  author = {Wauters, F. and Garc\'{\i}a, A. and Hong, R.},
  journal = {Phys. Rev. C},
  volume = {89},
  issue = {2},
  pages = {025501},
  numpages = {6},
  year = {2014},
  month = {Feb},
  publisher = {American Physical Society},
  doi = {10.1103/PhysRevC.89.025501},
  url = {http://link.aps.org/doi/10.1103/PhysRevC.89.025501}
}

@article{severijns_beck_cuncic_2006,
  title = {Tests of the standard electroweak model in nuclear beta decay},
  author = {Severijns, Nathal and Beck, Marcus and Naviliat-Cuncic, Oscar},
  journal = {Rev. Mod. Phys.},
  volume = {78},
  issue = {3},
  pages = {991--1040},
  numpages = {0},
  year = {2006},
  month = {September},
  publisher = {American Physical Society},
  doi = {10.1103/RevModPhys.78.991},
  url = {http://link.aps.org/doi/10.1103/RevModPhys.78.991}
}

@article{herczeg_2011,
      author         = "Herczeg, P.",
      title          = "{Beta decay beyond the standard model}",
      journal        = "Prog. Part. Nucl. Phys.",
      volume         = "46",
      year           = "2001",
      pages          = "413-457",
      doi            = "10.1016/S0146-6410(01)00149-1"
}

@article{severijns_cuncic_2011,
  title={Symmetry tests in nuclear beta decay},
  author={Severijns, Nathal and Naviliat-Cuncic, Oscar},
  journal={Annual Review of Nuclear and Particle Science},
  volume={61},
  pages={23--46},
  year={2011},
  publisher={Annual Reviews}
}

@article {cuncic_alonso_LHC,
author = {Naviliat-Cuncic, Oscar and Gonz\'{a}lez-Alonso, MartÂ’n},
title = {Prospects for precision measurements in nuclear $\ensuremath{\beta}$ decay in the LHC era},
journal = {Annalen der Physik},
volume = {525},
number = {8-9},
issn = {1521-3889},
url = {http://dx.doi.org/10.1002/andp.201300072},
doi = {10.1002/andp.201300072},
pages = {600--619},
keywords = {Nuclear beta decay, weak interactions, tests of the standard model, searches for exotic couplings},
year = {2013},
}

@article{twist_LR_2011,
  title = {Experimental Constraints on Left-Right Symmetric Models from Muon Decay},
  author = {Bayes, R. and Bueno, J. F. and Hillairet, A. and Davydov, Yu. I. and Depommier, P. and Faszer, W. and Gagliardi, C. A. and Gaponenko, A. and Gill, D. R. and Grossheim, A. and Gumplinger, P. and Hasinoff, M. D. and Henderson, R. S. and Hu, J. and Koetke, D. D. and MacDonald, R. P. and Marshall, G. M. and Mathie, E. L. and Mischke, R. E. and Olchanski, K. and Olin, A. and Openshaw, R. and Poutissou, J.-M. and Poutissou, R. and Selivanov, V. and Sheffer, G. and Shin, B. and Stanislaus, T. D. S. and Tacik, R. and Tribble, R. E.},
  collaboration = {TWIST Collaboration},
  journal = {Phys. Rev. Lett.},
  volume = {106},
  issue = {4},
  pages = {041804},
  numpages = {4},
  year = {2011},
  month = {Jan},
  publisher = {American Physical Society},
  doi = {10.1103/PhysRevLett.106.041804},
  url = {http://link.aps.org/doi/10.1103/PhysRevLett.106.041804}
}

@article{twist_2006,
  title = {Measurement of ${P}_{\ensuremath{\mu}}\ensuremath{\xi}$ in polarized muon decay},
  author = {Jamieson, B. and Bayes, R. and Davydov, Yu. I. and Depommier, P. and Doornbos, J. and Faszer, W. and Fujiwara, M. C. and Gagliardi, C. A. and Gaponenko, A. and Gill, D. R. and Gumplinger, P. and Hasinoff, M. D. and Henderson, R. S. and Hu, J. and Kitching, P. and Koetke, D. D. and Macdonald, J. A. and MacDonald, R. P. and Marshall, G. M. and Mathie, E. L. and Mischke, R. E. and Musser, J. R. and Nozar, M. and Olchanski, K. and Olin, A. and Openshaw, R. and Porcelli, T. A. and Poutissou, J.-M. and Poutissou, R. and Quraan, M. A. and Rodning, N. L. and Selivanov, V. and Sheffer, G. and Shin, B. and Stanislaus, T. D. S. and Tacik, R. and Torokhov, V. D. and Tribble, R. E. and Vasiliev, M. A.},
  journal = {Phys. Rev. D},
  volume = {74},
  issue = {7},
  pages = {072007},
  numpages = {11},
  year = {2006},
  month = {Oct},
  publisher = {American Physical Society},
  doi = {10.1103/PhysRevD.74.072007},
  url = {http://link.aps.org/doi/10.1103/PhysRevD.74.072007}
}

@article{twist_rhodelta_2008,
  title = {Precision measurement of the muon decay parameters $\ensuremath{\rho}$ and $\ensuremath{\delta}$},
  author = {MacDonald, R. P. and Bayes, R. and Bueno, J. and Davydov, Yu. I. and Depommier, P. and Faszer, W. and Fujiwara, M. C. and Gagliardi, C. A. and Gaponenko, A. and Gill, D. R. and Grossheim, A. and Gumplinger, P. and Hasinoff, M. D. and Henderson, R. S. and Hillairet, A. and Hu, J. and Jamieson, B. and Kitching, P. and Koetke, D. D. and Marshall, G. M. and Mathie, E. L. and Mischke, R. E. and Musser, J. R. and Nozar, M. and Olchanski, K. and Olin, A. and Openshaw, R. and Poutissou, J.-M. and Poutissou, R. and Quraan, M. A. and Selivanov, V. and Sheffer, G. and Shin, B. and Stanislaus, T. D. S. and Tacik, R. and Tribble, R. E.},
  collaboration = {TWIST Collaboration},
  journal = {Phys. Rev. D},
  volume = {78},
  issue = {3},
  pages = {032010},
  numpages = {14},
  year = {2008},
  month = {Aug},
  publisher = {American Physical Society},
  doi = {10.1103/PhysRevD.78.032010},
  url = {http://link.aps.org/doi/10.1103/PhysRevD.78.032010}
}


%%% Books.

@book{corney, 
	author={A. Corney}, 
	title={Atomic and Laser Spectroscopy},
	publisher = {Oxford University Press, New York},
	year={1977}
}

@book{jackson, 
	author={John David Jackson}, 
	title={Classical Electrodynamics},
  edition = {3rd ed.},
  address = {New York, {NY}},
  isbn = {9780471309321},
  publisher = {Wiley},
	year={1999}
}


% Others.


