@article{LeeYang,
  title={Question of parity conservation in weak interactions},
  author={Lee, Tsung-Dao and Yang, Chen-Ning},
  journal={Physical Review},
  volume={104},
  number={1},
  pages={254--258},
  year={1956},
  publisher={APS}
}

@article{wu,
  title = {Experimental Test of Parity Conservation in Beta Decay},
  author = {Wu, C. S. and Ambler, E. and Hayward, R. W. and Hoppes, D. D. and Hudson, R. P.},
  journal = {Phys. Rev.},
  volume = {105},
  issue = {4},
  pages = {1413--1415},
  numpages = {0},
  year = {1957},
  month = {Feb},
  publisher = {American Physical Society},
  doi = {10.1103/PhysRev.105.1413},
  url = {https://link.aps.org/doi/10.1103/PhysRev.105.1413}
}


@article{SalamWard1964,
title = {Electromagnetic and weak interactions},
journal = {Physics Letters},
volume = {13},
number = {2},
pages = {168-171},
year = {1964},
issn = {0031-9163},
doi = {https://doi.org/10.1016/0031-9163(64)90711-5},
url = {https://www.sciencedirect.com/science/article/pii/0031916364907115},
author = {A. Salam and J.C. Ward}
}

@article{Weinberg1967,
  title = {A Model of Leptons},
  author = {Weinberg, Steven},
  journal = {Phys. Rev. Lett.},
  volume = {19},
  issue = {21},
  pages = {1264--1266},
  numpages = {0},
  year = {1967},
  month = {Nov},
  publisher = {American Physical Society},
  doi = {10.1103/PhysRevLett.19.1264},
  url = {https://link.aps.org/doi/10.1103/PhysRevLett.19.1264}
}

@article{thooft1971,
title = {Renormalization of massless Yang-Mills fields},
journal = {Nuclear Physics B},
volume = {33},
number = {1},
pages = {173-199},
year = {1971},
issn = {0550-3213},
doi = {https://doi.org/10.1016/0550-3213(71)90395-6},
url = {https://www.sciencedirect.com/science/article/pii/0550321371903956},
author = {G. 't Hooft},
abstract = {The problem of renormalization of gauge fields is studied. It is observed that the use of non-gauge invariant regulator fields is not excluded provided that in the limit of high regulator mass gauge invariance can be restored by means of a finite number of counter-terms in the Lagrangian. Massless Yang-Mills fields can be treated in this manner, and appear to be renormalizable in the usual sense. Consistency of the method is proved for diagrams with non-overlapping divergencies by means of gauge invariant regulators, which however, cannot be interpreted in terms of regulator fields. Assuming consistency the S-matrix is shown to be unitary in any order of the coupling constant. A restriction must be made: no local, parity-changing transformations must be contained in the underlying gauge group. The interactions must conserve parity.}
}

@article{Glashow1959,
title = {The renormalizability of vector meson interactions},
journal = {Nuclear Physics},
volume = {10},
pages = {107-117},
year = {1959},
issn = {0029-5582},
doi = {https://doi.org/10.1016/0029-5582(59)90196-8},
url = {https://www.sciencedirect.com/science/article/pii/0029558259901968},
author = {Sheldon L. Glashow},
abstract = {A new and less restrictive criterion is deduced for the renormalizability of vector meson interactions. As an example, the electromagnetic interaction of a charged vector meson with unit anomalous magnetic moment is shown to be renormalizable. In order to construct a renormalizable theory of the elementary-particle decays in which such a particle plays the role of an intermediary, it is found necessary to assume an intimate connection between decay-inducing and electrodynamic interactions.}
}

@article{YangMills1954,
  title = {Conservation of Isotopic Spin and Isotopic Gauge Invariance},
  author = {Yang, C. N. and Mills, R. L.},
  journal = {Phys. Rev.},
  volume = {96},
  issue = {1},
  pages = {191--195},
  numpages = {0},
  year = {1954},
  month = {Oct},
  publisher = {American Physical Society},
  doi = {10.1103/PhysRev.96.191},
  url = {https://link.aps.org/doi/10.1103/PhysRev.96.191}
}


@article{fermi1934german,
  title={Versuch einer Theorie der $\beta$-Strahlen. I},
  author={Fermi, Enrico},
  journal={Zeitschrift f{\"u}r Physik},
  volume={88},
  number={3},
  pages={161--177},
  year={1934},
  publisher={Springer}
}
@article{fermi1934english,
  title={An attempt of a theory of beta radiation. 1},
  author={Fermi, Enrico},  
  journal={Z. phys},
  volume={88},
  number={161--177},
  pages={19},
  year={1934}
}

@article{RustadRuby1955tensor,
  title = {Gamow-Teller Interaction in the Decay of ${\mathrm{He}}^{6}$},
  author = {Rustad, B. M. and Ruby, S. L.},
  journal = {Phys. Rev.},
  volume = {97},
  issue = {4},
  pages = {991--1002},
  numpages = {0},
  year = {1955},
  month = {Feb},
  publisher = {American Physical Society},
  doi = {10.1103/PhysRev.97.991},
  url = {https://link.aps.org/doi/10.1103/PhysRev.97.991}
}
@article{BurgyEpstein1957scalartensor,
  title = {Measurement of Beta Asymmetry in the Decay of Polarized Neutrons},
  author = {Burgy, M. T. and Epstein, R. J. and Krohn, V. E. and Novey, T. B. and Raboy, S. and Ringo, G. R. and Telegdi, V. L.},
  journal = {Phys. Rev.},
  volume = {107},
  issue = {6},
  pages = {1731--1733},
  numpages = {0},
  year = {1957},
  month = {Sep},
  publisher = {American Physical Society},
  doi = {10.1103/PhysRev.107.1731.2},
  url = {https://link.aps.org/doi/10.1103/PhysRev.107.1731.2}
}

@article{becquerel1896,
  title={Sur les radiations {\'e}mises par phosphorescence},
  author={Becquerel, Henri},
  journal={Comptes rendus de 1'Academie des Sciences, Paris},
  volume={122},
  pages={420--421},
  year={1896}
}

@article{rutherford1899,
  title={VIII. Uranium radiation and the electrical conduction produced by it},
  author={Rutherford, Ernest},
  journal={The London, Edinburgh, and Dublin Philosophical Magazine and Journal of Science},
  volume={47},
  number={284},
  pages={109--163},
  year={1899},
  publisher={Taylor \& Francis}
}

@article{villard1900,
  title={Sur la r{\'e}flexion et la r{\'e}fraction des rayons cathodiques et des rayons d{\'e}viables du radium},
  author={Villard, P.},
  journal={CR Acad. Sci. Paris},
  volume={130},
  pages={1010},
  year={1900}
}

@article{rutherford1903,
  title={XV. The magnetic and electric deviation of the easily absorbed rays from radium},
  author={Rutherford, Ernest},
  journal={The London, Edinburgh, and Dublin Philosophical Magazine and Journal of Science},
  volume={5},
  number={26},
  pages={177--187},
  year={1903},
  publisher={Taylor \& Francis}
}

@article{becquerel1900,
  title={Influence d'un champ magn{\'e}tique sur le rayonnement des corps radio-actifs},
  author={Becquerel, Henri},
  journal={Journal de Physique Th{\'e}orique et Appliqu{\'e}e},
  volume={9},
  number={1},
  pages={71--78},
  year={1900},
  publisher={Soci{\'e}t{\'e} Fran{\c{c}}aise de Physique}
}
