%%% Neutrons!  %%%

@ARTICLE{Determination2014,
   author = {{Bowman}, J.~D. and {Broussard}, L.~J. and {Clayton}, S.~M. and 
	{Dewey}, M.~S. and {Fomin}, N. and {Grammer}, K.~B. and {Greene}, G.~L. and 
	{Huffman}, P.~R. and {Holley}, A.~T. and {Jones}, G.~L. and 
	{Liu}, C.-Y. and {Makela}, M. and {Mendenhall}, M.~P. and {Morris}, C.~L. and 
	{Mulholland}, J. and {Nollett}, K.~M. and {Pattie}, Jr., R.~W. and 
	{Penttila}, S. and {Ramsey-Musolf}, M. and {Salvat}, D.~J. and 
	{Saunders}, A. and {Seestrom}, S.~J. and {Snow}, W.~M. and {Steyerl}, A. and 
	{Wietfeldt}, F.~E. and {Young}, A.~R. and {Yue}, A.~T.},
    title = "{Determination of the Free Neutron Lifetime}",
  journal = {ArXiv e-prints},
archivePrefix = "arXiv",
   eprint = {1410.5311},
 primaryClass = "nucl-ex",
 keywords = {Nuclear Experiment, Physics - Instrumentation and Detectors},
     year = 2014,
    month = oct,
   adsurl = {http://adsabs.harvard.edu/abs/2014arXiv1410.5311B},
  adsnote = {Provided by the SAO/NASA Astrophysics Data System}
}

@ARTICLE{wietfeldt_lifetime2014,
   author = {{Wietfeldt}, F.~E.},
    title = "{The Neutron Lifetime}",
  journal = {ArXiv e-prints},
archivePrefix = "arXiv",
   eprint = {1411.3687},
 primaryClass = "nucl-ex",
 keywords = {Nuclear Experiment},
     year = 2014,
    month = nov,
   adsurl = {http://adsabs.harvard.edu/abs/2014arXiv1411.3687W},
  adsnote = {Provided by the SAO/NASA Astrophysics Data System}
}

@ARTICLE{Cosmological2016,
   author = {{Salvati}, L. and {Pagano}, L. and {Consiglio}, R. and {Melchiorri}, A.},
    title = "{Cosmological constraints on the neutron lifetime}",
  journal = {JCAP},
archivePrefix = "arXiv",
   eprint = {1507.07243},
     year = 2016,
    month = mar,
   volume = 3,
      eid = {055},
    pages = {055},
      doi = {10.1088/1475-7516/2016/03/055},
   adsurl = {http://adsabs.harvard.edu/abs/2016JCAP...03..055S},
  adsnote = {Provided by the SAO/NASA Astrophysics Data System}
} %%%%% JCAP ???  What even is that journal??

@article{nico2005,
  title = {Measurement of the neutron lifetime by counting trapped protons in a cold neutron beam},
  author = {Nico, J. S. and Dewey, M. S. and Gilliam, D. M. and Wietfeldt, F. E. and Fei, X. and Snow, W. M. and Greene, G. L. and Pauwels, J. and Eykens, R. and Lamberty, A. and Gestel, J. Van and Scott, R. D.},
  journal = {Phys. Rev. C},
  volume = {71},
  issue = {5},
  pages = {055502},
  numpages = {27},
  year = {2005},
  month = {May},
  publisher = {American Physical Society},
  doi = {10.1103/PhysRevC.71.055502},
  url = {https://link.aps.org/doi/10.1103/PhysRevC.71.055502}
}


%%
@article{Leung_2014,
      author         = "Leung, K. K. H. and Geltenbort, P. and Ivanov, S. and
                        Rosenau, F. and Zimmer, O.",
      title          = "{Neutron lifetime measurements and effective spectral
                        cleaning with an ultracold neutron trap using a vertical
                        Halbach octupole permanent magnet array}",
      journal        = "Phys. Rev.",
      volume         = "C94",
      year           = "2016",
      number         = "4",
      pages          = "045502",
      doi            = "10.1103/PhysRevC.94.045502",
      eprint         = "1606.00929",
      archivePrefix  = "arXiv",
      primaryClass   = "nucl-ex",
      SLACcitation   = "%%CITATION = ARXIV:1606.00929;%%"
}

@article{insitu2016,
      author         = "Morris, C. L. and others",
      title          = "{A new method for measuring the neutron lifetime using an
                        in situ neutron detector}",
      year           = "2016",
      eprint         = "1610.04560",
      archivePrefix  = "arXiv",
      primaryClass   = "nucl-ex",
      reportNumber   = "LA-UR-16-27352",
      SLACcitation   = "%%CITATION = ARXIV:1610.04560;%%"
}

@inproceedings{jparc_2017,
      author         = "Nagakura, Naoki and others",
      title          = "{Precise neutron lifetime experiment using pulsed neutron
                        beams at J-PARC}",
      url            = "https://inspirehep.net/record/1512950/files/arXiv:1702.03099.pdf",
      year           = "2017",
      eprint         = "1702.03099",
      archivePrefix  = "arXiv",
      primaryClass   = "nucl-ex",
      SLACcitation   = "%%CITATION = ARXIV:1702.03099;%%"
}

@Article{earlyuniverse2016,
author="Chechkin, A. V.
and Ivanchik, A. V.
and Serebrov, A. P.
and Bobashev, S. V.",
title="Effect of the neutron lifetime on processes in the early universe",
journal="Technical Physics",
year="2016",
volume="61",
number="7",
pages="1101--1105",
issn="1090-6525",
doi="10.1134/S1063784216070069",
url="http://dx.doi.org/10.1134/S1063784216070069"
}


@inproceedings{Leung:2014zna,
      author         = "Leung, K. and Ivanov, S. and Martin, F. and Rosenau, F.
                        and Simson, M. and Zimmer, O.",
      title          = "{A Comparison of Two Magnetic Ultra-Cold Neutron Trapping
                        Concepts Using a Halbach-Octupole Array}",
      booktitle      = "{Proceedings, Next Generation Experiments to Measure the
                        Neutron Lifetime: Santa Fe, New Mexico, USA, November
                        9√ê10, 2012}",
      year           = "2014",
      pages          = "145-154",
      doi            = "10.1142/9789814571678_0015",
      eprint         = "1503.05226",
      archivePrefix  = "arXiv",
      primaryClass   = "physics.ins-det",
      SLACcitation   = "%%CITATION = ARXIV:1503.05226;%%"
}

@INPROCEEDINGS{lifetimetheory2014,
   author = {{Marciano}, W.~J.},
    title = "{Neutron Lifetime Theory}",
booktitle = {Next Generation Experiments to Measure the Neutron Lifetime},
     year = 2014,
   editor = {{Seestrom}, S.~J.},
    month = mar,
    pages = {1-4},
      doi = {10.1142/9789814571678_0001},
   adsurl = {http://adsabs.harvard.edu/abs/2014ngem.conf....1M},
  adsnote = {Provided by the SAO/NASA Astrophysics Data System}
}

@article{Ezhov_2014,
      author         = "Ezhov, V. F. and others",
      title          = "{Measurement of the neutron lifetime with ultra-cold
                        neutrons stored in a magneto-gravitational trap}",
      year           = "2014",
      eprint         = "1412.7434",
      archivePrefix  = "arXiv",
      primaryClass   = "nucl-ex",
      SLACcitation   = "%%CITATION = ARXIV:1412.7434;%%"
}

@Article{Ezhov_2016,
author="Bazarov, B. A.
and Ezhov, V. F.
and Kovrizhnykh, N. A.
and Ryabov, V. L.
and Andreev, A. Z.
and Glushkov, A. G.
and Knyaz'kov, V. A.
and Krygin, G. B.",
title="A new permanent-magnet trap for ultracold neutron storage",
journal="Technical Physics Letters",
year="2016",
volume="42",
number="7",
pages="663--666",
abstract="The design of a new permanent-magnet trap for ultracold neutron storage in an experiment on determining the neutron lifetime is presented. Particular attention is paid in this new trap design to the neutron confinement system. Optimization of this system provides an opportunity to raise the strength of the confinement magnetic field and thus increase considerably the number of neutrons stored within the trap and the statistical accuracy of neutron lifetime measurements.",
issn="1090-6533",
doi="10.1134/S1063785016070038",
url="http://dx.doi.org/10.1134/S1063785016070038"
}



@article{magnetogravitational2009,
title = "A magneto-gravitational trap for absolute measurement of the ultra-cold neutron lifetime ",
journal = "Nuclear Instruments and Methods in Physics Research Section A: Accelerators, Spectrometers, Detectors and Associated Equipment ",
volume = "599",
number = "1",
pages = "82 - 92",
year = "2009",
note = "",
issn = "0168-9002",
doi = "https://doi.org/10.1016/j.nima.2008.11.010",
url = "http://www.sciencedirect.com/science/article/pii/S0168900208016008",
author = "P.L. Walstrom and J.D. Bowman and S.I. Penttila and C. Morris and A. Saunders",
keywords = "Measurement of neutron lifetime",
keywords = "Ultra-cold neutrons",
keywords = "Magneto-gravitational trap",
keywords = "Depolarization "
}


@inproceedings{marciano2011electroweak,
  title={Precision electroweak tests of the standard model},
  author={Marciano, William J},
  booktitle={Journal of Physics: Conference Series},
  volume={312},
  pages={102002},
  year={2011},
  organization={IOP Publishing}
} % I cannot find this article anywhere.  It's gone!  :(

@article{czarnecki2004CKM,
  title={Precision measurements and CKM unitarity},
  author={Czarnecki, Andrzej and Marciano, William J and Sirlin, Alberto},
  journal={Physical Review D},
  volume={70},
  number={9},
  pages={093006},
  year={2004},
  publisher={APS}
}


%%%  %%%  %%%  %%%  %%%  %%%  %%%  %%%  %%%  %%%  %%%  %%%
%  Below:  Things that go into the 2016 PDG value.       %
%%%  %%%  %%%  %%%  %%%  %%%  %%%  %%%  %%%  %%%  %%%  %%%

@article{Arzumanov2015,
      author         = "Arzumanov, S. and Bondarenko, L. and Chernyavsky, S. and
                        Geltenbort, P. and Morozov, V. and Nesvizhevsky, V. V. and
                        Panin, {\relax Yu}. and Strepetov, A.",
      title          = "{A measurement of the neutron lifetime using the method
                        of storage of ultracold neutrons and detection of
                        inelastically up-scattered neutrons}",
      journal        = "Phys. Lett.",
      volume         = "B745",
      year           = "2015",
      pages          = "79-89",
      doi            = "10.1016/j.physletb.2015.04.021",
      SLACcitation   = "%%CITATION = PHLTA,B745,79;%%"
}

@article{Yue2013,
  title = {Improved Determination of the Neutron Lifetime},
  author = {Yue, A. T. and Dewey, M. S. and Gilliam, D. M. and Greene, G. L. and Laptev, A. B. and Nico, J. S. and Snow, W. M. and Wietfeldt, F. E.},
  journal = {Phys. Rev. Lett.},
  volume = {111},
  issue = {22},
  pages = {222501},
  numpages = {4},
  year = {2013},
  month = {Nov},
  publisher = {American Physical Society},
  doi = {10.1103/PhysRevLett.111.222501},
  url = {https://link.aps.org/doi/10.1103/PhysRevLett.111.222501}
}

@article{Steyerl2012,
      author         = "Steyerl, A. and Pendlebury, J. M. and Kaufman, C. and
                        Malik, S. S. and Desai, A. M.",
      title          = "{Quasielastic scattering in the interaction of ultracold
                        neutrons with a liquid wall and application in a
                        reanalysis of the Mambo I neutron-lifetime experiment}",
      journal        = "Phys. Rev.",
      volume         = "C85",
      year           = "2012",
      pages          = "065503",
      doi            = "10.1103/PhysRevC.85.065503",
      SLACcitation   = "%%CITATION = PHRVA,C85,065503;%%"
}

@article{Pichlmaier2010,
      author         = "Pichlmaier, A. and Varlamov, V. and Schreckenbach, K. and
                        Geltenbort, P.",
      title          = "{Neutron lifetime measurement with the UCN trap-in-trap
                        MAMBO II}",
      journal        = "Phys. Lett.",
      volume         = "B693",
      year           = "2010",
      pages          = "221-226",
      doi            = "10.1016/j.physletb.2010.08.032",
      SLACcitation   = "%%CITATION = PHLTA,B693,221;%%"
}

@article{Serebrov2005,
      author         = "Serebrov, A. and others",
      title          = "{Measurement of the neutron lifetime using a
                        gravitational trap and a low-temperature Fomblin coating}",
      journal        = "Phys. Lett.",
      volume         = "B605",
      year           = "2005",
      pages          = "72-78",
      doi            = "10.1016/j.physletb.2004.11.013",
      eprint         = "nucl-ex/0408009",
      archivePrefix  = "arXiv",
      primaryClass   = "nucl-ex",
      SLACcitation   = "%%CITATION = NUCL-EX/0408009;%%"
}

@article{Byrne1996,
      author         = "Byrne, J. and Dawber, P. G.",
      title          = "{A Revised Value for the Neutron Lifetime Measured Using
                        a Penning Trap}",
      journal        = "Europhys. Lett.",
      volume         = "33",
      year           = "1996",
      pages          = "187",
      doi            = "10.1209/epl/i1996-00319-x",
      SLACcitation   = "%%CITATION = EULEE,33,187;%%"
}

@article{Mampe1993,
      author         = "Mampe, W. and Bondarenko, L. N. and Morozov, V. I. and
                        Panin, {\relax Yu}. N. and Fomin, A. I.",
      title          = "{Measuring neutron lifetime by storing ultracold neutrons
                        and detecting inelastically scattered neutrons}",
      journal        = "JETP Lett.",
      volume         = "57",
      year           = "1993",
      pages          = "82-87",
      note           = "[Pisma Zh. Eksp. Teor. Fiz.57,77(1993)]",
      SLACcitation   = "%%CITATION = JTPLA,57,82;%%"
}

%%%  %%%  %%%  %%%  %%%  %%%  %%%  %%%  %%%  %%%  %%%  %%%
%  Below:  Things that are too out of date for the PDG.  
%          I may not have downloaded these...
%%%  %%%  %%%  %%%  %%%  %%%  %%%  %%%  %%%  %%%  %%%  %%%


@article{Arzumanov2012,
      author         = "Arzumanov, S. S. and Bondarenko, L. N. and Morozov, V. I.
                        and Panin, {\relax Yu}. N. and Chernyavsky, S. M.",
      title          = "{Analysis and correction of the measurement of the
                        neutron lifetime}",
      journal        = "JETP Lett.",
      volume         = "95",
      year           = "2012",
      pages          = "224-228",
      doi            = "10.1134/S0021364012050025",
      note           = "[Pisma Zh. Eksp. Teor. Fiz.95,248(2012)]",
      SLACcitation   = "%%CITATION = JTPLA,95,224;%%"
}



@article{Dewey2003,
      author         = "Dewey, M. S. and others",
      title          = "{Measurement of the neutron lifetime using a proton
                        trap}",
      journal        = "Phys. Rev. Lett.",
      volume         = "91",
      year           = "2003",
      pages          = "152302",
      doi            = "10.1103/PhysRevLett.91.152302",
      eprint         = "nucl-ex/0311006",
      archivePrefix  = "arXiv",
      primaryClass   = "nucl-ex",
      SLACcitation   = "%%CITATION = NUCL-EX/0311006;%%"
}

@article{Arzumanov2000,
      author         = "Arzumanov, S. and Bondarenko, L. and Chernavsky, S. and
                        Fomin, A. and Morozov, V and Panin, Y. and Drexel, W. and
                        Schreckenbach, K. and Geltenbort, P. and Pendlebury, J.",
      title          = "{Neutron life time value measured by storing ultracold
                        neutrons with detection of inelastically scattered
                        neutrons}",
      journal        = "Phys. Lett.",
      volume         = "B483",
      year           = "2000",
      pages          = "15-22",
      doi            = "10.1016/S0370-2693(00)00579-7",
      SLACcitation   = "%%CITATION = PHLTA,B483,15;%%"
}

@article{Nesvizhevsky1992,
      author         = "Nesvizhevsky, V. V. and Serebrov, A. P. and Taldaev, R.
                        R. and Kharitonov, A. G. and Alfimenkov, V. P. and
                        Strelkov, A. V. and Shvetsov, V. N.",
      title          = "{Measurement of the neutron lifetime in a gravitational
                        trap and analysis of experimental errors}",
      journal        = "Sov. Phys. JETP",
      volume         = "75",
      year           = "1992",
      pages          = "405-412",
      note           = "[Zh. Eksp. Teor. Fiz.102,740(1992)]",
      SLACcitation   = "%%CITATION = SPHJA,75,405;%%"
}

@article{Alfimenkov1990,
      author         = "Alfimenkov, V. P. and others",
      title          = "{Results of neutron lifetime measurements with
                        gravitational UCN trap}",
      journal        = "JETP Lett.",
      volume         = "52",
      year           = "1990",
      pages          = "373-378",
      reportNumber   = "LENINGRAD-90-1629",
      SLACcitation   = "%%CITATION = JTPLA,52,373;%%"
}

@article{Byrne1990,
      author         = "Byrne, J. and others",
      title          = "{Measurement of the neutron lifetime by counting trapped
                        protons}",
      journal        = "Phys. Rev. Lett.",
      volume         = "65",
      year           = "1990",
      pages          = "289-292",
      doi            = "10.1103/PhysRevLett.65.289",
      SLACcitation   = "%%CITATION = PRLTA,65,289;%%"
}

@article{Kossakowski1989,
      author         = "Kossakowski, R. and Liaud, P. and Azuelos, G. and Grivot,
                        P. and Schreckenbach, K.",
      title          = "{Neutron Lifetime Measurement With a Helium Filled Time
                        Projection Chamber}",
      journal        = "Nucl. Phys.",
      volume         = "A503",
      year           = "1989",
      pages          = "473-500",
      doi            = "10.1016/0375-9474(89)90246-7",
      SLACcitation   = "%%CITATION = NUPHA,A503,473;%%"
}

@article{Mampe1989,
      author         = "Mampe, W. and Ageron, P. and Bates, C. and Pendlebury, J.
                        M. and Steyerl, A.",
      title          = "{Neutron Lifetime Measured With Stored Ultracold
                        Neutrons}",
      journal        = "Phys. Rev. Lett.",
      volume         = "63",
      year           = "1989",
      pages          = "593-596",
      doi            = "10.1103/PhysRevLett.63.593",
      SLACcitation   = "%%CITATION = PRLTA,63,593;%%"
}


@article{Paul1989,
      author         = "Paul, W. and Anton, F. and Mampe, W. and Paul, L. and
                        Paul, S.",
      title          = "{Measurement of the Neutron Lifetime in a Magnetic
                        Storage Ring}",
      journal        = "Z. Phys.",
      volume         = "C45",
      year           = "1989",
      pages          = "25",
      doi            = "10.1007/BF01556667",
      reportNumber   = "BONN-HE-89-07",
      SLACcitation   = "%%CITATION = ZEPYA,C45,25;%%"
}

@article{Last1988,
      author         = "Last, J. and Arnold, M. and Dohner, J. and Dubbers, D.
                        and Freedman, S. J.",
      title          = "{PULSED BEAM NEUTRON LIFETIME MEASUREMENT}",
      journal        = "Phys. Rev. Lett.",
      volume         = "60",
      year           = "1988",
      pages          = "995-998",
      doi            = "10.1103/PhysRevLett.60.995",
      SLACcitation   = "%%CITATION = PRLTA,60,995;%%"
}

@article{Spivak1988,
      author         = "Spivak, P. E.",
      title          = "{Neutron Lifetime from Atomic-Energy-Institute
                        experiment}",
      journal        = "Sov. Phys. JETP",
      volume         = "67",
      year           = "1988",
      pages          = "1735-1740",
      SLACcitation   = "%%CITATION = SPHJA,67,1735;%%"
}

@article{Kosvintsev1986,
      author         = "Kosvintsev, {\relax Yu}. {\relax Yu}. and Morozov, V. I.
                        and Terekhov, G. I.",
      title          = "{Measurement of Neutron Lifetime Through Storage of
                        Ultracold Neutrons}",
      journal        = "JETP Lett.",
      volume         = "44",
      year           = "1986",
      pages          = "571-574",
      note           = "[Pisma Zh. Eksp. Teor. Fiz.44,444(1986)]",
      SLACcitation   = "%%CITATION = JTPLA,44,571;%%"
}

@article{Byrne1980,
      author         = "Byrne, J. and Morse, J. and Smith, K. F. and Shaikh, F.
                        and Green, K. and Greene, G. L.",
      title          = "{A NEW MEASUREMENT OF THE NEUTRON LIFETIME}",
      journal        = "Phys. Lett.",
      volume         = "B92",
      year           = "1980",
      pages          = "274-278",
      doi            = "10.1016/0370-2693(80)90262-2",
      SLACcitation   = "%%CITATION = PHLTA,B92,274;%%"
}

@article{Kosvintsev1980,
      author         = "Kosvintsev, {\relax Yu}. {\relax Yu}. and Kushnir,
                        {\relax Yu}. A. and Morozov, V. I. and Terekhov, G. I.",
      title          = "{APPLICATION OF ULTRACOLD NEUTRONS FOR NEUTRON LIFETIME
                        MEASUREMENT. (IN RUSSIAN)}",
      journal        = "JETP Lett.",
      volume         = "31",
      year           = "1980",
      pages          = "236",
      note           = "[Pisma Zh. Eksp. Teor. Fiz.31,257(1980)]",
      SLACcitation   = "%%CITATION = JTPLA,31,236;%%"
}

@article{Bondarenko1978,
      author         = "Bondarenko, L. N. and Kurguzov, V. V and Prokofev,
                        {\relax Yu}. A. and Rogov, E. V. and Spivak, P. E.",
      title          = "{Measurement of the Neutron Half Time}",
      journal        = "Pisma Zh. Eksp. Teor. Fiz.",
      volume         = "28",
      year           = "1978",
      pages          = "328-333",
      note           = "[JETP Lett.28,303(1978)]",
      SLACcitation   = "%%CITATION = ZFPRA,28,328;%%"
}

@article{Christensen1972,
      author         = "Christensen, C. J. and Nielsen, A. and Bahnsen, A. and
                        Brown, W. K. and Rustad, B. M.",
      title          = "{Free-Neutron Beta-Decay Half-Life}",
      journal        = "Phys. Rev.",
      volume         = "D5",
      year           = "1972",
      pages          = "1628-1640",
      doi            = "10.1103/PhysRevD.5.1628",
      SLACcitation   = "%%CITATION = PHRVA,D5,1628;%%"
}

%%%  %%%  %%%  %%%  %%%  %%%  %%%  %%%  %%%  %%%  %%%  %%%


% In that book...


@inbook{book_theory,
author = {W. J. MARCIANO},
title = {Neutron Lifetime Theory},
booktitle = {Next Generation Experiments to Measure the Neutron Lifetime},
chapter = {},
pages = {1-4},
doi = {10.1142/9789814571678_0001},
URL = {http://www.worldscientific.com/doi/abs/10.1142/9789814571678_0001},
eprint = {http://www.worldscientific.com/doi/pdf/10.1142/9789814571678_0001},
publisher = {WORLD SCIENTIFIC},
year = 2014
}

@inbook{book_chaos,
author = {J. DAVID BOWMAN and SEPPO I. PENTTILA},
title = {Chaos in a Gravo-Magneto Neutron Trap},
booktitle = {Next Generation Experiments to Measure the Neutron Lifetime},
chapter = {},
pages = {59-63},
doi = {10.1142/9789814571678_0006},
URL = {http://www.worldscientific.com/doi/abs/10.1142/9789814571678_0006},
eprint = {http://www.worldscientific.com/doi/pdf/10.1142/9789814571678_0006},
publisher = {WORLD SCIENTIFIC},
year = 2014
}

@article{beampath2014,
title = "A Path to a 0.1 s Neutron Lifetime Measurement Using the Beam Method",
journal = "Physics Procedia",
volume = "51",
number = "",
pages = "54 - 58",
year = "2014",
note = "",
issn = "1875-3892",
doi = "http://dx.doi.org/10.1016/j.phpro.2013.12.013",
url = "http://www.sciencedirect.com/science/article/pii/S1875389213007013",
author = "F.E. Wietfeldt and G. Darius and M.S. Dewey and N. Fomin and G.L. Greene and J. Mulholland and W.M. Snow and A.T. Yue",
keywords = "neutron lifetime",
keywords = "neutron decay",
keywords = "beta decay"
}

@article{puzzle2009,
title = "The puzzle of neutron lifetime ",
journal = "Nuclear Instruments and Methods in Physics Research Section A: Accelerators, Spectrometers, Detectors and Associated Equipment ",
volume = "611",
number = "",
pages = "157 - 166",
year = "2009",
note = "Particle Physics with Slow Neutrons ",
issn = "0168-9002",
doi = "https://doi.org/10.1016/j.nima.2009.07.095",
url = "http://www.sciencedirect.com/science/article/pii/S0168900209015174",
author = "Stephan Paul",
keywords = "Neutron lifetime",
keywords = "UCN",
keywords = "Neutron storage",
keywords = "Primordial nucleosynthesis",
keywords = "CKM matrix "
}

% PDG:  
@article{PDG2016,
      author         = "Patrignani, C. and others",
      title          = "{Review of Particle Physics}",
      collaboration  = "Particle Data Group",
      journal        = "Chin. Phys.",
      volume         = "C40",
      year           = "2016",
      number         = "10",
      pages          = "100001",
      doi            = "10.1088/1674-1137/40/10/100001",
      SLACcitation   = "%%CITATION = CHPHD,C40,100001;%%"
}

@article{PDG2014, 
	author = "K.A. Olive and others", 
	title = "Review of Particle Physics",
	collaboration = "Particle Data Group",
	journal = "Chin. Phys. C",
	volume = 38,
	year = 2014,
	pages = "090001"
}


% More neutrons or whatever:
@Article{abele2004,
author="Abele, H.
and Barberio, E.
and Dubbers, D.
and Gl{\"u}ck, F.
and Hardy, J. C.
and Marciano, W. J.
and Serebrov, A.
and Severijns, N.",
title="Quark mixing, CKM unitarity",
journal="The European Physical Journal C - Particles and Fields",
year="2004",
volume="33",
number="1",
pages="1--8",
issn="1434-6052",
doi="10.1140/epjc/s2003-01574-8",
url="http://dx.doi.org/10.1140/epjc/s2003-01574-8"
}


@article{marciano2006,
  title={Improved Calculation of Electroweak Radiative Corrections and the Value of $V_{ud}$ },
  author={Marciano, William J and Sirlin, Alberto},
  journal={Physical review letters},
  volume={96},
  number={3},
  pages={032002},
  year={2006},
  publisher={APS}
}


@article{halbach1980,
  title={Design of permanent multipole magnets with oriented rare earth cobalt material},
  author={Halbach, Klaus},
  journal={Nuclear instruments and methods},
  volume={169},
  number={1},
  pages={1--10},
  year={1980},
  publisher={Elsevier}
}

@incollection{townerhardy1995,
  author={Towner, I.S. and Hardy, J.C.},
  title={Currents and Their Couplings in the Weak Sector of the Standard Model},
  editor = {W.C. Haxton and E.M. Henley},
  booktitle={Symmetries and Fundamental Interactions in Nuclei},
  pages={183-249},
  publisher={World Scientific, Singapore},
  year=1995
}

@article{townerhardy2015,
  title={Superallowed $0^+ \to 0^+$ nuclear $\beta$ decays: 2014 critical survey, with precise results for V u d and CKM unitarity},
  author={Hardy, J.C. and Towner, I.S.},
  journal={Physical Review C},
  volume={91},
  number={2},
  pages={025501},
  year={2015},
  publisher={APS}
}


% Proton decay.

@article{SuperK_2016,
      author         = "Abe, K. and others",
      title          = "{Search for Proton Decay via $p \to e^+\pi^0$ and $p \to \mu^+\pi^0$ in 0.31 megaton-years Exposure of the Super-Kamiokande Water Cherenkov Detector}",
      collaboration  = "Super-Kamiokande",
      journal        = "Phys. Rev.",
      volume         = "D95",
      year           = "2017",
      number         = "1",
      pages          = "012004",
      doi            = "10.1103/PhysRevD.95.012004",
      eprint         = "1610.03597",
      archivePrefix  = "arXiv",
      primaryClass   = "hep-ex",
      SLACcitation   = "%%CITATION = ARXIV:1610.03597;%%"
}

% more cosmological constraints.

@article{Aver2015,
  author={Erik Aver and Keith A. Olive and Evan D. Skillman},
  title={The effects of He I 10830 on helium abundance determinations},
  journal={Journal of Cosmology and Astroparticle Physics},
  volume={2015},
  number={07},
  pages={011},
  url={http://stacks.iop.org/1475-7516/2015/i=07/a=011},
  year={2015}
}

@article{Izotov2014,
author = {Izotov, Y. I. and Thuan, T. X. and Guseva, N. G.},
title = {A new determination of the primordial He abundance using the He I 10830 {{\AA}} emission line: cosmological implications},
journal = {Monthly Notices of the Royal Astronomical Society},
volume = {445},
number = {1},
pages = {778},
year = {2014},
doi = {10.1093/mnras/stu1771},
URL = { + http://dx.doi.org/10.1093/mnras/stu1771},
eprint = {/oup/backfile/content_public/journal/mnras/445/1/10.1093/mnras/stu1771/3/stu1771.pdf}
}

% statistical shizzle:

@techreport{taylor_1982,
  title={Numerical Comparisons of Several Algorithms for Treating Inconsistent Data in a Least-Squares Adjustment of the Fundamental Constants.},
  author={Taylor, BN},
  year={1982},
  institution={DTIC Document}
}

% V_ub

@article{aubert_2004,
  title = {Measurement of the Inclusive Charmless Semileptonic Branching Ratio of $B$ Mesons and Determination of $|{V}_{ub}|$},
  author = {Aubert, B. and others},
  collaboration = {BABAR Collaboration},
  journal = {Phys. Rev. Lett.},
  volume = {92},
  issue = {7},
  pages = {071802},
  numpages = {7},
  year = {2004},
  month = {Feb},
  publisher = {American Physical Society},
  doi = {10.1103/PhysRevLett.92.071802},
  url = {https://link.aps.org/doi/10.1103/PhysRevLett.92.071802}
}


% V_us

@article{moulson2017,
  title={Experimental determination of $V_{us}$ from kaon decays},
  author={Moulson, Matthew},
  journal={arXiv preprint arXiv:1704.04104},
  year={2017}
}

% astro:  

@article{planck_2015,
      author         = "Ade, P. A. R. and others",
      title          = "{Planck 2015 results. XIII. Cosmological parameters}",
      collaboration  = "Planck",
      journal        = "Astron. Astrophys.",
      volume         = "594",
      year           = "2016",
      pages          = "A13",
      doi            = "10.1051/0004-6361/201525830",
      eprint         = "1502.01589",
      archivePrefix  = "arXiv",
      primaryClass   = "astro-ph.CO",
      SLACcitation   = "%%CITATION = ARXIV:1502.01589;%%"
}


@article{mathews2005,
  title={Big bang nucleosynthesis with a new neutron lifetime},
  author={Mathews, Grant J and Kajino, T and Shima, T},
  journal={Physical Review D},
  volume={71},
  number={2},
  pages={021302},
  year={2005},
  publisher={APS}
}

% a pic from the internet.

@misc{halbach_img,
	author = {Pieter Kuiper}, 
	year   = 2008, 
	title  = {Refrigerator magnet (Halbach array)}, 
	url    = {https://commons.wikimedia.org/wiki/File:Fridge_Magnet_Halbach.svg}
}


@INPROCEEDINGS{callahan2016preliminary,
   author = {{Callahan}, N. and {UCNtau Collaboration}},
    title = "{Overview of progress on the UCNtau Experiment}",
booktitle = {APS Division of Nuclear Physics Meeting Abstracts},
     year = 2016,
    month = sep,
      doi = {10.1103/BAPS.2016.DNP.KG.4},
   adsurl = {http://adsabs.harvard.edu/abs/2016APS..DNP.KG004C},
  adsnote = {Provided by the SAO/NASA Astrophysics Data System}
}


% penelope:

@article{penelope2009,
title = "PENeLOPE -- On the way towards a new neutron lifetime experiment with magnetic storage of ultra-cold neutrons and proton extraction",
journal = "Nuclear Instruments and Methods in Physics Research Section A: Accelerators, Spectrometers, Detectors and Associated Equipment",
volume = "611",
number = "2",
pages = "176 - 180",
year = "2009",
note = "",
issn = "0168-9002",
doi = "http://dx.doi.org/10.1016/j.nima.2009.07.055",
url = "http://www.sciencedirect.com/science/article/pii/S0168900209015204",
author = "S. Materne and R. Picker and I. Altarev and H. Angerer and B. Franke and E. Gutsmiedl and F.J. Hartmann and A.R. M{\"o}ller and S. Paul and R. Stoepler",
keywords = "Neutron decay",
keywords = "Neutron lifetime",
keywords = "Ultra-cold neutrons",
keywords = "Magnetic neutron storage"
}


@article{baessler_2014,
  author={S Bae¬ßler and J D Bowman and S Penttil¬ä and D Po?ani?},
  title={New precision measurements of free neutron beta decay with cold neutrons},
  journal={Journal of Physics G: Nuclear and Particle Physics},
  volume={41},
  number={11},
  pages={114003},
  url={http://stacks.iop.org/0954-3899/41/i=11/a=114003},
  year={2014},
  abstract={Precision measurements in free neutron beta decay serve to determine the coupling constants of beta decay, and offer several stringent tests of the standard model. This paper describes the free neutron beta decay program planned for the Fundamental Physics Beamline at the Spallation Neutron Source at Oak Ridge National Laboratory, and puts it into the context of other recent and planned measurements of neutron beta decay observables.}
}


@INPROCEEDINGS{bl2a_2015,
   author = {{Yue}, A. and {Dewey}, M. and {Gilliam}, D. and {Nico}, J. and 
	{Anderson}, E. and {Snow}, M. and {Greene}, G. and {Laptev}, A.
	},
    title = "{Absolute Neutron Fluence Measurements at the NIST Center for Neutron Research}",
booktitle = {APS Division of Nuclear Physics Meeting Abstracts},
     year = 2015,
    month = oct,
   adsurl = {http://adsabs.harvard.edu/abs/2015APS..DNP.NJ007Y},
  adsnote = {Provided by the SAO/NASA Astrophysics Data System}
}

@article{mampe_1989,
  title={Neutron lifetime measured with stored ultracold neutrons},
  author={Mampe, W and Ageron, P and Bates, C and Pendlebury, JM and Steyerl, A},
  journal={Physical Review Letters},
  volume={63},
  number={6},
  pages={593},
  year={1989},
  publisher={APS}
}

