% !TEX root = ../thesis_main.tex
%
%%% Neutrons!  %%%

@ARTICLE{Determination2014,
   author = {{Bowman}, J.~D. and {Broussard}, L.~J. and {Clayton}, S.~M. and 
	{Dewey}, M.~S. and {Fomin}, N. and {Grammer}, K.~B. and {Greene}, G.~L. and 
	{Huffman}, P.~R. and {Holley}, A.~T. and {Jones}, G.~L. and 
	{Liu}, C.-Y. and {Makela}, M. and {Mendenhall}, M.~P. and {Morris}, C.~L. and 
	{Mulholland}, J. and {Nollett}, K.~M. and {Pattie}, Jr., R.~W. and 
	{Penttila}, S. and {Ramsey-Musolf}, M. and {Salvat}, D.~J. and 
	{Saunders}, A. and {Seestrom}, S.~J. and {Snow}, W.~M. and {Steyerl}, A. and 
	{Wietfeldt}, F.~E. and {Young}, A.~R. and {Yue}, A.~T.},
    title = "{Determination of the Free Neutron Lifetime}",
  journal = {ArXiv e-prints},
archivePrefix = "arXiv",
   eprint = {1410.5311},
 primaryClass = "nucl-ex",
 keywords = {Nuclear Experiment, Physics - Instrumentation and Detectors},
     year = 2014,
    month = oct,
   adsurl = {http://adsabs.harvard.edu/abs/2014arXiv1410.5311B},
  adsnote = {Provided by the SAO/NASA Astrophysics Data System}
}

@ARTICLE{wietfeldt_lifetime2014,
   author = {{Wietfeldt}, F.~E.},
    title = "{The Neutron Lifetime}",
  journal = {ArXiv e-prints},
archivePrefix = "arXiv",
   eprint = {1411.3687},
 primaryClass = "nucl-ex",
 keywords = {Nuclear Experiment},
     year = 2014,
    month = nov,
   adsurl = {http://adsabs.harvard.edu/abs/2014arXiv1411.3687W},
  adsnote = {Provided by the SAO/NASA Astrophysics Data System}
}

@ARTICLE{Cosmological2016,
   author = {{Salvati}, L. and {Pagano}, L. and {Consiglio}, R. and {Melchiorri}, A.},
    title = "{Cosmological constraints on the neutron lifetime}",
  journal = {JCAP},
archivePrefix = "arXiv",
   eprint = {1507.07243},
     year = 2016,
    month = mar,
   volume = 3,
      eid = {055},
    pages = {055},
      doi = {10.1088/1475-7516/2016/03/055},
   adsurl = {http://adsabs.harvard.edu/abs/2016JCAP...03..055S},
  adsnote = {Provided by the SAO/NASA Astrophysics Data System}
} %%%%% JCAP ???  What even is that journal??

@article{nico2005,
  title = {Measurement of the neutron lifetime by counting trapped protons in a cold neutron beam},
  author = {Nico, J. S. and Dewey, M. S. and Gilliam, D. M. and Wietfeldt, F. E. and Fei, X. and Snow, W. M. and Greene, G. L. and Pauwels, J. and Eykens, R. and Lamberty, A. and Gestel, J. Van and Scott, R. D.},
  journal = {Physical Review C},
  volume = {71},
  issue = {5},
  pages = {055502},
  numpages = {27},
  year = {2005},
  month = {May},
  publisher = {American Physical Society},
  doi = {10.1103/PhysRevC.71.055502},
  url = {https://link.aps.org/doi/10.1103/PhysRevC.71.055502}
}


%%
@article{Leung_2014,
      author         = "Leung, K. K. H. and Geltenbort, P. and Ivanov, S. and
                        Rosenau, F. and Zimmer, O.",
      title          = "{Neutron lifetime measurements and effective spectral
                        cleaning with an ultracold neutron trap using a vertical
                        Halbach octupole permanent magnet array}",
      journal        = "Physical Review",
      volume         = "C94",
      year           = "2016",
      number         = "4",
      pages          = "045502",
      doi            = "10.1103/PhysRevC.94.045502",
      eprint         = "1606.00929",
      archivePrefix  = "arXiv",
      primaryClass   = "nucl-ex",
      SLACcitation   = "%%CITATION = ARXIV:1606.00929;%%"
}

@article{insitu2016,
      author         = "Morris, C. L. and others",
      title          = "{A new method for measuring the neutron lifetime using an
                        in situ neutron detector}",
      year           = "2016",
      eprint         = "1610.04560",
      archivePrefix  = "arXiv",
      primaryClass   = "nucl-ex",
      reportNumber   = "LA-UR-16-27352",
      SLACcitation   = "%%CITATION = ARXIV:1610.04560;%%"
}

@inproceedings{jparc_2017,
      author         = "Nagakura, Naoki and others",
      title          = "{Precise neutron lifetime experiment using pulsed neutron
                        beams at J-PARC}",
      url            = "https://inspirehep.net/record/1512950/files/arXiv:1702.03099.pdf",
      year           = "2017",
      eprint         = "1702.03099",
      archivePrefix  = "arXiv",
      primaryClass   = "nucl-ex",
      SLACcitation   = "%%CITATION = ARXIV:1702.03099;%%"
}

@Article{earlyuniverse2016,
author="Chechkin, A. V.
and Ivanchik, A. V.
and Serebrov, A. P.
and Bobashev, S. V.",
title="Effect of the neutron lifetime on processes in the early universe",
journal="Technical Physics",
year="2016",
volume="61",
number="7",
pages="1101--1105",
issn="1090-6525",
doi="10.1134/S1063784216070069",
url="http://dx.doi.org/10.1134/S1063784216070069"
}


@inproceedings{Leung:2014zna,
      author         = "Leung, K. and Ivanov, S. and Martin, F. and Rosenau, F.
                        and Simson, M. and Zimmer, O.",
      title          = "{A Comparison of Two Magnetic Ultra-Cold Neutron Trapping
                        Concepts Using a Halbach-Octupole Array}",
      booktitle      = "{Proceedings, Next Generation Experiments to Measure the
                        Neutron Lifetime: Santa Fe, New Mexico, USA, November
                        9√ê10, 2012}",
      year           = "2014",
      pages          = "145-154",
      doi            = "10.1142/9789814571678_0015",
      eprint         = "1503.05226",
      archivePrefix  = "arXiv",
      primaryClass   = "physics.ins-det",
      SLACcitation   = "%%CITATION = ARXIV:1503.05226;%%"
}

@INPROCEEDINGS{lifetimetheory2014,
   author = {{Marciano}, W.~J.},
    title = "{Neutron Lifetime Theory}",
booktitle = {Next Generation Experiments to Measure the Neutron Lifetime},
     year = 2014,
   editor = {{Seestrom}, S.~J.},
    month = mar,
    pages = {1-4},
      doi = {10.1142/9789814571678_0001},
   adsurl = {http://adsabs.harvard.edu/abs/2014ngem.conf....1M},
  adsnote = {Provided by the SAO/NASA Astrophysics Data System}
}

@article{Ezhov_2014,
      author         = "Ezhov, V. F. and others",
      title          = "{Measurement of the neutron lifetime with ultra-cold
                        neutrons stored in a magneto-gravitational trap}",
      year           = "2014",
      eprint         = "1412.7434",
      archivePrefix  = "arXiv",
      primaryClass   = "nucl-ex",
      SLACcitation   = "%%CITATION = ARXIV:1412.7434;%%"
}

@Article{Ezhov_2016,
author="Bazarov, B. A.
and Ezhov, V. F.
and Kovrizhnykh, N. A.
and Ryabov, V. L.
and Andreev, A. Z.
and Glushkov, A. G.
and Knyaz'kov, V. A.
and Krygin, G. B.",
title="A new permanent-magnet trap for ultracold neutron storage",
journal="Technical Physics Letters",
year="2016",
volume="42",
number="7",
pages="663--666",
abstract="The design of a new permanent-magnet trap for ultracold neutron storage in an experiment on determining the neutron lifetime is presented. Particular attention is paid in this new trap design to the neutron confinement system. Optimization of this system provides an opportunity to raise the strength of the confinement magnetic field and thus increase considerably the number of neutrons stored within the trap and the statistical accuracy of neutron lifetime measurements.",
issn="1090-6533",
doi="10.1134/S1063785016070038",
url="http://dx.doi.org/10.1134/S1063785016070038"
}



@article{magnetogravitational2009,
title = "A magneto-gravitational trap for absolute measurement of the ultra-cold neutron lifetime ",
journal = "Nuclear Instruments and Methods in Physics Research Section A: Accelerators, Spectrometers, Detectors and Associated Equipment",
volume = "599",
number = "1",
pages = "82 - 92",
year = "2009",
note = "",
issn = "0168-9002",
doi = "https://doi.org/10.1016/j.nima.2008.11.010",
url = "http://www.sciencedirect.com/science/article/pii/S0168900208016008",
author = "P.L. Walstrom and J.D. Bowman and S.I. Penttila and C. Morris and A. Saunders",
keywords = "Measurement of neutron lifetime",
keywords = "Ultra-cold neutrons",
keywords = "Magneto-gravitational trap",
keywords = "Depolarization "
}


@inproceedings{marciano2011electroweak,
  title={Precision electroweak tests of the standard model},
  author={Marciano, William J},
  booktitle={Journal of Physics: Conference Series},
  volume={312},
  pages={102002},
  year={2011},
  organization={IOP Publishing}
} % I cannot find this article anywhere.  It's gone!  :(

@article{czarnecki2004CKM,
  title={Precision measurements and CKM unitarity},
  author={Czarnecki, Andrzej and Marciano, William J and Sirlin, Alberto},
  journal={Physical Review D},
  volume={70},
  number={9},
  pages={093006},
  year={2004},
  publisher={APS}
}


%%%  %%%  %%%  %%%  %%%  %%%  %%%  %%%  %%%  %%%  %%%  %%%
%  Below:  Things that go into the 2016 PDG value.       %
%%%  %%%  %%%  %%%  %%%  %%%  %%%  %%%  %%%  %%%  %%%  %%%

@article{Arzumanov2015,
      author         = "Arzumanov, S. and Bondarenko, L. and Chernyavsky, S. and
                        Geltenbort, P. and Morozov, V. and Nesvizhevsky, V. V. and
                        Panin, {\relax Yu}. and Strepetov, A.",
      title          = "{A measurement of the neutron lifetime using the method
                        of storage of ultracold neutrons and detection of
                        inelastically up-scattered neutrons}",
      journal        = "Phys. Lett.",
      volume         = "B745",
      year           = "2015",
      pages          = "79-89",
      doi            = "10.1016/j.physletb.2015.04.021",
      SLACcitation   = "%%CITATION = PHLTA,B745,79;%%"
}

@article{Yue2013,
  title = {Improved Determination of the Neutron Lifetime},
  author = {Yue, A. T. and Dewey, M. S. and Gilliam, D. M. and Greene, G. L. and Laptev, A. B. and Nico, J. S. and Snow, W. M. and Wietfeldt, F. E.},
  journal = {Physical Review Letters},
  volume = {111},
  issue = {22},
  pages = {222501},
  numpages = {4},
  year = {2013},
  month = {Nov},
  publisher = {American Physical Society},
  doi = {10.1103/PhysRevLett.111.222501},
  url = {https://link.aps.org/doi/10.1103/PhysRevLett.111.222501}
}

@article{Steyerl2012,
      author         = "Steyerl, A. and Pendlebury, J. M. and Kaufman, C. and
                        Malik, S. S. and Desai, A. M.",
      title          = "{Quasielastic scattering in the interaction of ultracold
                        neutrons with a liquid wall and application in a
                        reanalysis of the Mambo I neutron-lifetime experiment}",
      journal        = "Physical Review",
      volume         = "C85",
      year           = "2012",
      pages          = "065503",
      doi            = "10.1103/PhysRevC.85.065503",
      SLACcitation   = "%%CITATION = PHRVA,C85,065503;%%"
}

@article{Pichlmaier2010,
      author         = "Pichlmaier, A. and Varlamov, V. and Schreckenbach, K. and
                        Geltenbort, P.",
      title          = "{Neutron lifetime measurement with the UCN trap-in-trap
                        MAMBO II}",
      journal        = "Phys. Lett.",
      volume         = "B693",
      year           = "2010",
      pages          = "221-226",
      doi            = "10.1016/j.physletb.2010.08.032",
      SLACcitation   = "%%CITATION = PHLTA,B693,221;%%"
}

@article{Serebrov2005,
      author         = "Serebrov, A. and others",
      title          = "{Measurement of the neutron lifetime using a
                        gravitational trap and a low-temperature Fomblin coating}",
      journal        = "Phys. Lett.",
      volume         = "B605",
      year           = "2005",
      pages          = "72-78",
      doi            = "10.1016/j.physletb.2004.11.013",
      eprint         = "nucl-ex/0408009",
      archivePrefix  = "arXiv",
      primaryClass   = "nucl-ex",
      SLACcitation   = "%%CITATION = NUCL-EX/0408009;%%"
}

@article{Byrne1996,
      author         = "Byrne, J. and Dawber, P. G.",
      title          = "{A Revised Value for the Neutron Lifetime Measured Using
                        a Penning Trap}",
      journal        = "Europhys. Lett.",
      volume         = "33",
      year           = "1996",
      pages          = "187",
      doi            = "10.1209/epl/i1996-00319-x",
      SLACcitation   = "%%CITATION = EULEE,33,187;%%"
}

@article{Mampe1993,
      author         = "Mampe, W. and Bondarenko, L. N. and Morozov, V. I. and
                        Panin, {\relax Yu}. N. and Fomin, A. I.",
      title          = "{Measuring neutron lifetime by storing ultracold neutrons
                        and detecting inelastically scattered neutrons}",
      journal        = "JETP Lett.",
      volume         = "57",
      year           = "1993",
      pages          = "82-87",
      note           = "[Pisma Zh. Eksp. Teor. Fiz.57,77(1993)]",
      SLACcitation   = "%%CITATION = JTPLA,57,82;%%"
}

%%%  %%%  %%%  %%%  %%%  %%%  %%%  %%%  %%%  %%%  %%%  %%%
%  Below:  Things that are too out of date for the PDG.  
%          I may not have downloaded these...
%%%  %%%  %%%  %%%  %%%  %%%  %%%  %%%  %%%  %%%  %%%  %%%


@article{Arzumanov2012,
      author         = "Arzumanov, S. S. and Bondarenko, L. N. and Morozov, V. I.
                        and Panin, {\relax Yu}. N. and Chernyavsky, S. M.",
      title          = "{Analysis and correction of the measurement of the
                        neutron lifetime}",
      journal        = "JETP Lett.",
      volume         = "95",
      year           = "2012",
      pages          = "224-228",
      doi            = "10.1134/S0021364012050025",
      note           = "[Pisma Zh. Eksp. Teor. Fiz.95,248(2012)]",
      SLACcitation   = "%%CITATION = JTPLA,95,224;%%"
}



@article{Dewey2003,
      author         = "Dewey, M. S. and others",
      title          = "{Measurement of the neutron lifetime using a proton
                        trap}",
      journal        = "Physical Review Letters",
      volume         = "91",
      year           = "2003",
      pages          = "152302",
      doi            = "10.1103/PhysRevLett.91.152302",
      eprint         = "nucl-ex/0311006",
      archivePrefix  = "arXiv",
      primaryClass   = "nucl-ex",
      SLACcitation   = "%%CITATION = NUCL-EX/0311006;%%"
}

@article{Arzumanov2000,
      author         = "Arzumanov, S. and Bondarenko, L. and Chernavsky, S. and
                        Fomin, A. and Morozov, V and Panin, Y. and Drexel, W. and
                        Schreckenbach, K. and Geltenbort, P. and Pendlebury, J.",
      title          = "{Neutron life time value measured by storing ultracold
                        neutrons with detection of inelastically scattered
                        neutrons}",
      journal        = "Phys. Lett.",
      volume         = "B483",
      year           = "2000",
      pages          = "15-22",
      doi            = "10.1016/S0370-2693(00)00579-7",
      SLACcitation   = "%%CITATION = PHLTA,B483,15;%%"
}

@article{Nesvizhevsky1992,
      author         = "Nesvizhevsky, V. V. and Serebrov, A. P. and Taldaev, R.
                        R. and Kharitonov, A. G. and Alfimenkov, V. P. and
                        Strelkov, A. V. and Shvetsov, V. N.",
      title          = "{Measurement of the neutron lifetime in a gravitational
                        trap and analysis of experimental errors}",
      journal        = "Sov. Phys. JETP",
      volume         = "75",
      year           = "1992",
      pages          = "405-412",
      note           = "[Zh. Eksp. Teor. Fiz.102,740(1992)]",
      SLACcitation   = "%%CITATION = SPHJA,75,405;%%"
}

@article{Alfimenkov1990,
      author         = "Alfimenkov, V. P. and others",
      title          = "{Results of neutron lifetime measurements with
                        gravitational UCN trap}",
      journal        = "JETP Lett.",
      volume         = "52",
      year           = "1990",
      pages          = "373-378",
      reportNumber   = "LENINGRAD-90-1629",
      SLACcitation   = "%%CITATION = JTPLA,52,373;%%"
}

@article{Byrne1990,
      author         = "Byrne, J. and others",
      title          = "{Measurement of the neutron lifetime by counting trapped
                        protons}",
      journal        = "Physical Review Letters",
      volume         = "65",
      year           = "1990",
      pages          = "289-292",
      doi            = "10.1103/PhysRevLett.65.289",
      SLACcitation   = "%%CITATION = PRLTA,65,289;%%"
}

@article{Kossakowski1989,
      author         = "Kossakowski, R. and Liaud, P. and Azuelos, G. and Grivot,
                        P. and Schreckenbach, K.",
      title          = "{Neutron Lifetime Measurement With a Helium Filled Time
                        Projection Chamber}",
      journal        = "Nucl. Phys.",
      volume         = "A503",
      year           = "1989",
      pages          = "473-500",
      doi            = "10.1016/0375-9474(89)90246-7",
      SLACcitation   = "%%CITATION = NUPHA,A503,473;%%"
}

@article{Mampe1989,
      author         = "Mampe, W. and Ageron, P. and Bates, C. and Pendlebury, J.
                        M. and Steyerl, A.",
      title          = "{Neutron Lifetime Measured With Stored Ultracold
                        Neutrons}",
      journal        = "Physical Review Letters",
      volume         = "63",
      year           = "1989",
      pages          = "593-596",
      doi            = "10.1103/PhysRevLett.63.593",
      SLACcitation   = "%%CITATION = PRLTA,63,593;%%"
}


@article{Paul1989,
      author         = "Paul, W. and Anton, F. and Mampe, W. and Paul, L. and
                        Paul, S.",
      title          = "{Measurement of the Neutron Lifetime in a Magnetic
                        Storage Ring}",
      journal        = "Z. Phys.",
      volume         = "C45",
      year           = "1989",
      pages          = "25",
      doi            = "10.1007/BF01556667",
      reportNumber   = "BONN-HE-89-07",
      SLACcitation   = "%%CITATION = ZEPYA,C45,25;%%"
}

@article{Last1988,
      author         = "Last, J. and Arnold, M. and Dohner, J. and Dubbers, D.
                        and Freedman, S. J.",
      title          = "{PULSED BEAM NEUTRON LIFETIME MEASUREMENT}",
      journal        = "Physical Review Letters",
      volume         = "60",
      year           = "1988",
      pages          = "995-998",
      doi            = "10.1103/PhysRevLett.60.995",
      SLACcitation   = "%%CITATION = PRLTA,60,995;%%"
}

@article{Spivak1988,
      author         = "Spivak, P. E.",
      title          = "{Neutron Lifetime from Atomic-Energy-Institute
                        experiment}",
      journal        = "Sov. Phys. JETP",
      volume         = "67",
      year           = "1988",
      pages          = "1735-1740",
      SLACcitation   = "%%CITATION = SPHJA,67,1735;%%"
}

@article{Kosvintsev1986,
      author         = "Kosvintsev, {\relax Yu}. {\relax Yu}. and Morozov, V. I.
                        and Terekhov, G. I.",
      title          = "{Measurement of Neutron Lifetime Through Storage of
                        Ultracold Neutrons}",
      journal        = "JETP Lett.",
      volume         = "44",
      year           = "1986",
      pages          = "571-574",
      note           = "[Pisma Zh. Eksp. Teor. Fiz.44,444(1986)]",
      SLACcitation   = "%%CITATION = JTPLA,44,571;%%"
}

@article{Byrne1980,
      author         = "Byrne, J. and Morse, J. and Smith, K. F. and Shaikh, F.
                        and Green, K. and Greene, G. L.",
      title          = "{A NEW MEASUREMENT OF THE NEUTRON LIFETIME}",
      journal        = "Phys. Lett.",
      volume         = "B92",
      year           = "1980",
      pages          = "274-278",
      doi            = "10.1016/0370-2693(80)90262-2",
      SLACcitation   = "%%CITATION = PHLTA,B92,274;%%"
}

@article{Kosvintsev1980,
      author         = "Kosvintsev, {\relax Yu}. {\relax Yu}. and Kushnir,
                        {\relax Yu}. A. and Morozov, V. I. and Terekhov, G. I.",
      title          = "{APPLICATION OF ULTRACOLD NEUTRONS FOR NEUTRON LIFETIME
                        MEASUREMENT. (IN RUSSIAN)}",
      journal        = "JETP Lett.",
      volume         = "31",
      year           = "1980",
      pages          = "236",
      note           = "[Pisma Zh. Eksp. Teor. Fiz.31,257(1980)]",
      SLACcitation   = "%%CITATION = JTPLA,31,236;%%"
}

@article{Bondarenko1978,
      author         = "Bondarenko, L. N. and Kurguzov, V. V and Prokofev,
                        {\relax Yu}. A. and Rogov, E. V. and Spivak, P. E.",
      title          = "{Measurement of the Neutron Half Time}",
      journal        = "Pisma Zh. Eksp. Teor. Fiz.",
      volume         = "28",
      year           = "1978",
      pages          = "328-333",
      note           = "[JETP Lett.28,303(1978)]",
      SLACcitation   = "%%CITATION = ZFPRA,28,328;%%"
}

@article{Christensen1972,
      author         = "Christensen, C. J. and Nielsen, A. and Bahnsen, A. and
                        Brown, W. K. and Rustad, B. M.",
      title          = "{Free-Neutron Beta-Decay Half-Life}",
      journal        = "Physical Review",
      volume         = "D5",
      year           = "1972",
      pages          = "1628-1640",
      doi            = "10.1103/PhysRevD.5.1628",
      SLACcitation   = "%%CITATION = PHRVA,D5,1628;%%"
}

%%%  %%%  %%%  %%%  %%%  %%%  %%%  %%%  %%%  %%%  %%%  %%%


% In that book...


@inbook{book_theory,
author = {W. J. MARCIANO},
title = {Neutron Lifetime Theory},
booktitle = {Next Generation Experiments to Measure the Neutron Lifetime},
chapter = {},
pages = {1-4},
doi = {10.1142/9789814571678_0001},
URL = {http://www.worldscientific.com/doi/abs/10.1142/9789814571678_0001},
eprint = {http://www.worldscientific.com/doi/pdf/10.1142/9789814571678_0001},
publisher = {WORLD SCIENTIFIC},
year = 2014
}

@inbook{book_chaos,
author = {J. DAVID BOWMAN and SEPPO I. PENTTILA},
title = {Chaos in a Gravo-Magneto Neutron Trap},
booktitle = {Next Generation Experiments to Measure the Neutron Lifetime},
chapter = {},
pages = {59-63},
doi = {10.1142/9789814571678_0006},
URL = {http://www.worldscientific.com/doi/abs/10.1142/9789814571678_0006},
eprint = {http://www.worldscientific.com/doi/pdf/10.1142/9789814571678_0006},
publisher = {WORLD SCIENTIFIC},
year = 2014
}

@article{beampath2014,
title = "A Path to a 0.1 s Neutron Lifetime Measurement Using the Beam Method",
journal = "Physics Procedia",
volume = "51",
number = "",
pages = "54 - 58",
year = "2014",
note = "",
issn = "1875-3892",
doi = "http://dx.doi.org/10.1016/j.phpro.2013.12.013",
url = "http://www.sciencedirect.com/science/article/pii/S1875389213007013",
author = "F.E. Wietfeldt and G. Darius and M.S. Dewey and N. Fomin and G.L. Greene and J. Mulholland and W.M. Snow and A.T. Yue",
keywords = "neutron lifetime",
keywords = "neutron decay",
keywords = "beta decay"
}

@article{puzzle2009,
title = "The puzzle of neutron lifetime ",
journal = "Nuclear Instruments and Methods in Physics Research Section A: Accelerators, Spectrometers, Detectors and Associated Equipment ",
volume = "611",
number = "",
pages = "157 - 166",
year = "2009",
note = "Particle Physics with Slow Neutrons ",
issn = "0168-9002",
doi = "https://doi.org/10.1016/j.nima.2009.07.095",
url = "http://www.sciencedirect.com/science/article/pii/S0168900209015174",
author = "Stephan Paul",
keywords = "Neutron lifetime",
keywords = "UCN",
keywords = "Neutron storage",
keywords = "Primordial nucleosynthesis",
keywords = "CKM matrix "
}

% PDG:  
@article{PDG2016,
      author         = "Patrignani, C. and others",
      title          = "{Review of Particle Physics}",
      collaboration  = "Particle Data Group",
      journal        = "Chin. Phys.",
      volume         = "C40",
      year           = "2016",
      number         = "10",
      pages          = "100001",
      doi            = "10.1088/1674-1137/40/10/100001",
      SLACcitation   = "%%CITATION = CHPHD,C40,100001;%%"
}

@article{PDG2014, 
	author = "K.A. Olive and others", 
	title = "Review of Particle Physics",
	collaboration = "Particle Data Group",
	journal = "Chin. Phys. C",
	volume = 38,
	year = 2014,
	pages = "090001"
}


% More neutrons or whatever:
@Article{abele2004,
author="Abele, H.
and Barberio, E.
and Dubbers, D.
and Gl{\"u}ck, F.
and Hardy, J. C.
and Marciano, W. J.
and Serebrov, A.
and Severijns, N.",
title="Quark mixing, CKM unitarity",
journal="The European Physical Journal C - Particles and Fields",
year="2004",
volume="33",
number="1",
pages="1--8",
issn="1434-6052",
doi="10.1140/epjc/s2003-01574-8",
url="http://dx.doi.org/10.1140/epjc/s2003-01574-8"
}


@article{marciano2006,
  title={Improved Calculation of Electroweak Radiative Corrections and the Value of $V_{ud}$ },
  author={Marciano, William J and Sirlin, Alberto},
  journal={Physical review letters},
  volume={96},
  number={3},
  pages={032002},
  year={2006},
  publisher={APS}
}


@article{halbach1980,
  title={Design of permanent multipole magnets with oriented rare earth cobalt material},
  author={Halbach, Klaus},
  journal={Nuclear instruments and methods},
  volume={169},
  number={1},
  pages={1--10},
  year={1980},
  publisher={Elsevier}
}

@incollection{townerhardy1995,
  author={Towner, I.S. and Hardy, J.C.},
  title={Currents and Their Couplings in the Weak Sector of the Standard Model},
  editor = {W.C. Haxton and E.M. Henley},
  booktitle={Symmetries and Fundamental Interactions in Nuclei},
  pages={183-249},
  publisher={World Scientific, Singapore},
  year=1995
}

@article{townerhardy2015,
  title={Superallowed $0^+ \to 0^+$ nuclear $\beta$ decays: 2014 critical survey, with precise results for V u d and CKM unitarity},
  author={Hardy, J.C. and Towner, I.S.},
  journal={Physical Review C},
  volume={91},
  number={2},
  pages={025501},
  year={2015},
  publisher={APS}
}


% Proton decay.

@article{SuperK_2016,
      author         = "Abe, K. and others",
      title          = "{Search for Proton Decay via $p \to e^+\pi^0$ and $p \to \mu^+\pi^0$ in 0.31 megaton-years Exposure of the Super-Kamiokande Water Cherenkov Detector}",
      collaboration  = "Super-Kamiokande",
      journal        = "Physical Review",
      volume         = "D95",
      year           = "2017",
      number         = "1",
      pages          = "012004",
      doi            = "10.1103/PhysRevD.95.012004",
      eprint         = "1610.03597",
      archivePrefix  = "arXiv",
      primaryClass   = "hep-ex",
      SLACcitation   = "%%CITATION = ARXIV:1610.03597;%%"
}

% more cosmological constraints.

@article{Aver2015,
  author={Erik Aver and Keith A. Olive and Evan D. Skillman},
  title={The effects of He I 10830 on helium abundance determinations},
  journal={Journal of Cosmology and Astroparticle Physics},
  volume={2015},
  number={07},
  pages={011},
  url={http://stacks.iop.org/1475-7516/2015/i=07/a=011},
  year={2015}
}

@article{Izotov2014,
author = {Izotov, Y. I. and Thuan, T. X. and Guseva, N. G.},
title = {A new determination of the primordial He abundance using the He I 10830 {{\AA}} emission line: cosmological implications},
journal = {Monthly Notices of the Royal Astronomical Society},
volume = {445},
number = {1},
pages = {778},
year = {2014},
doi = {10.1093/mnras/stu1771},
URL = { + http://dx.doi.org/10.1093/mnras/stu1771},
eprint = {/oup/backfile/content_public/journal/mnras/445/1/10.1093/mnras/stu1771/3/stu1771.pdf}
}

% statistical shizzle:

@techreport{taylor_1982,
  title={Numerical Comparisons of Several Algorithms for Treating Inconsistent Data in a Least-Squares Adjustment of the Fundamental Constants.},
  author={Taylor, BN},
  year={1982},
  institution={DTIC Document}
}

% V_ub

@article{aubert_2004,
  title = {Measurement of the Inclusive Charmless Semileptonic Branching Ratio of $B$ Mesons and Determination of $|{V}_{ub}|$},
  author = {Aubert, B. and others},
  collaboration = {BABAR Collaboration},
  journal = {Physical Review Letters},
  volume = {92},
  issue = {7},
  pages = {071802},
  numpages = {7},
  year = {2004},
  month = {Feb},
  publisher = {American Physical Society},
  doi = {10.1103/PhysRevLett.92.071802},
  url = {https://link.aps.org/doi/10.1103/PhysRevLett.92.071802}
}


% V_us

@article{moulson2017,
  title={Experimental determination of $V_{us}$ from kaon decays},
  author={Moulson, Matthew},
  journal={arXiv preprint arXiv:1704.04104},
  year={2017}
}

% astro:  

@article{planck_2015,
      author         = "Ade, P. A. R. and others",
      title          = "{Planck 2015 results. XIII. Cosmological parameters}",
      collaboration  = "Planck",
      journal        = "Astron. Astrophys.",
      volume         = "594",
      year           = "2016",
      pages          = "A13",
      doi            = "10.1051/0004-6361/201525830",
      eprint         = "1502.01589",
      archivePrefix  = "arXiv",
      primaryClass   = "astro-ph.CO",
      SLACcitation   = "%%CITATION = ARXIV:1502.01589;%%"
}


@article{mathews2005,
  title={Big bang nucleosynthesis with a new neutron lifetime},
  author={Mathews, Grant J and Kajino, T and Shima, T},
  journal={Physical Review D},
  volume={71},
  number={2},
  pages={021302},
  year={2005},
  publisher={APS}
}

% a pic from the internet.

@misc{halbach_img,
	author = {Pieter Kuiper}, 
	year   = 2008, 
	title  = {Refrigerator magnet (Halbach array)}, 
	url    = {https://commons.wikimedia.org/wiki/File:Fridge_Magnet_Halbach.svg}
}


@INPROCEEDINGS{callahan2016preliminary,
   author = {{Callahan}, N. and {UCNtau Collaboration}},
    title = "{Overview of progress on the UCNtau Experiment}",
booktitle = {APS Division of Nuclear Physics Meeting Abstracts},
     year = 2016,
    month = sep,
      doi = {10.1103/BAPS.2016.DNP.KG.4},
   adsurl = {http://adsabs.harvard.edu/abs/2016APS..DNP.KG004C},
  adsnote = {Provided by the SAO/NASA Astrophysics Data System}
}


% penelope:

@article{penelope2009,
title = "PENeLOPE -- On the way towards a new neutron lifetime experiment with magnetic storage of ultra-cold neutrons and proton extraction",
journal = "Nuclear Instruments and Methods in Physics Research Section A: Accelerators, Spectrometers, Detectors and Associated Equipment",
volume = "611",
number = "2",
pages = "176 - 180",
year = "2009",
note = "",
issn = "0168-9002",
doi = "http://dx.doi.org/10.1016/j.nima.2009.07.055",
url = "http://www.sciencedirect.com/science/article/pii/S0168900209015204",
author = "S. Materne and R. Picker and I. Altarev and H. Angerer and B. Franke and E. Gutsmiedl and F.J. Hartmann and A.R. M{\"o}ller and S. Paul and R. Stoepler",
keywords = "Neutron decay",
keywords = "Neutron lifetime",
keywords = "Ultra-cold neutrons",
keywords = "Magnetic neutron storage"
}


@article{baessler_2014,
  author={S Bae¬ßler and J D Bowman and S Penttil¬ä and D Po?ani?},
  title={New precision measurements of free neutron beta decay with cold neutrons},
  journal={Journal of Physics G: Nuclear and Particle Physics},
  volume={41},
  number={11},
  pages={114003},
  url={http://stacks.iop.org/0954-3899/41/i=11/a=114003},
  year={2014},
  abstract={Precision measurements in free neutron beta decay serve to determine the coupling constants of beta decay, and offer several stringent tests of the standard model. This paper describes the free neutron beta decay program planned for the Fundamental Physics Beamline at the Spallation Neutron Source at Oak Ridge National Laboratory, and puts it into the context of other recent and planned measurements of neutron beta decay observables.}
}


@INPROCEEDINGS{bl2a_2015,
   author = {{Yue}, A. and {Dewey}, M. and {Gilliam}, D. and {Nico}, J. and 
	{Anderson}, E. and {Snow}, M. and {Greene}, G. and {Laptev}, A.
	},
    title = "{Absolute Neutron Fluence Measurements at the NIST Center for Neutron Research}",
booktitle = {APS Division of Nuclear Physics Meeting Abstracts},
     year = 2015,
    month = oct,
   adsurl = {http://adsabs.harvard.edu/abs/2015APS..DNP.NJ007Y},
  adsnote = {Provided by the SAO/NASA Astrophysics Data System}
}

@article{mampe_1989,
  title={Neutron lifetime measured with stored ultracold neutrons},
  author={Mampe, W and Ageron, P and Bates, C and Pendlebury, JM and Steyerl, A},
  journal={Physical Review Letters},
  volume={63},
  number={6},
  pages={593},
  year={1989},
  publisher={APS}
}


@article{LeeYang,
  title={Question of parity conservation in weak interactions},
  author={Lee, Tsung-Dao and Yang, Chen-Ning},
  journal={Physical Review},
  volume={104},
  number={1},
  pages={254--258},
  year={1956},
  publisher={APS}
}

@article{wu,
  title = {Experimental Test of Parity Conservation in Beta Decay},
  author = {Wu, C. S. and Ambler, E. and Hayward, R. W. and Hoppes, D. D. and Hudson, R. P.},
  journal = {Physical Review},
  volume = {105},
  issue = {4},
  pages = {1413--1415},
  numpages = {0},
  year = {1957},
  month = {Feb},
  publisher = {American Physical Society},
  doi = {10.1103/PhysRev.105.1413},
  url = {https://link.aps.org/doi/10.1103/PhysRev.105.1413}
}

@article{thooft1971,
title = {Renormalization of massless Yang-Mills fields},
journal = {Nuclear Physics B},
volume = {33},
number = {1},
pages = {173-199},
year = {1971},
issn = {0550-3213},
doi = {https://doi.org/10.1016/0550-3213(71)90395-6},
url = {https://www.sciencedirect.com/science/article/pii/0550321371903956},
author = {G. 't Hooft},
abstract = {The problem of renormalization of gauge fields is studied. It is observed that the use of non-gauge invariant regulator fields is not excluded provided that in the limit of high regulator mass gauge invariance can be restored by means of a finite number of counter-terms in the Lagrangian. Massless Yang-Mills fields can be treated in this manner, and appear to be renormalizable in the usual sense. Consistency of the method is proved for diagrams with non-overlapping divergencies by means of gauge invariant regulators, which however, cannot be interpreted in terms of regulator fields. Assuming consistency the S-matrix is shown to be unitary in any order of the coupling constant. A restriction must be made: no local, parity-changing transformations must be contained in the underlying gauge group. The interactions must conserve parity.}
}

@article{Glashow1959,
title = {The renormalizability of vector meson interactions},
journal = {Nuclear Physics},
volume = {10},
pages = {107-117},
year = {1959},
issn = {0029-5582},
doi = {https://doi.org/10.1016/0029-5582(59)90196-8},
url = {https://www.sciencedirect.com/science/article/pii/0029558259901968},
author = {Sheldon L. Glashow},
abstract = {A new and less restrictive criterion is deduced for the renormalizability of vector meson interactions. As an example, the electromagnetic interaction of a charged vector meson with unit anomalous magnetic moment is shown to be renormalizable. In order to construct a renormalizable theory of the elementary-particle decays in which such a particle plays the role of an intermediary, it is found necessary to assume an intimate connection between decay-inducing and electrodynamic interactions.}
}

@article{YangMills1954,
  title = {Conservation of Isotopic Spin and Isotopic Gauge Invariance},
  author = {Yang, C. N. and Mills, R. L.},
  journal = {Physical Review},
  volume = {96},
  issue = {1},
  pages = {191--195},
  numpages = {0},
  year = {1954},
  month = {Oct},
  publisher = {American Physical Society},
  doi = {10.1103/PhysRev.96.191},
  url = {https://link.aps.org/doi/10.1103/PhysRev.96.191}
}

@article{RustadRuby1955tensor,
  title = {Gamow-Teller Interaction in the Decay of ${\mathrm{He}}^{6}$},
  author = {Rustad, B. M. and Ruby, S. L.},
  journal = {Physical Review},
  volume = {97},
  issue = {4},
  pages = {991--1002},
  numpages = {0},
  year = {1955},
  month = {Feb},
  publisher = {American Physical Society},
  doi = {10.1103/PhysRev.97.991},
  url = {https://link.aps.org/doi/10.1103/PhysRev.97.991}
}
@article{BurgyEpstein1957scalartensor,
  title = {Measurement of Beta Asymmetry in the Decay of Polarized Neutrons},
  author = {Burgy, M. T. and Epstein, R. J. and Krohn, V. E. and Novey, T. B. and Raboy, S. and Ringo, G. R. and Telegdi, V. L.},
  journal = {Physical Review},
  volume = {107},
  issue = {6},
  pages = {1731--1733},
  numpages = {0},
  year = {1957},
  month = {Sep},
  publisher = {American Physical Society},
  doi = {10.1103/PhysRev.107.1731.2},
  url = {https://link.aps.org/doi/10.1103/PhysRev.107.1731.2}
}

@article{becquerel1896,
  title={Sur les radiations {\'e}mises par phosphorescence},
  author={Becquerel, Henri},
  journal={Comptes rendus de l'Academie des Sciences, Paris},
  volume={122},
  pages={420--421},
  year={1896}
}

@article{rutherford1899,
  title={VIII. Uranium radiation and the electrical conduction produced by it},
  author={Rutherford, Ernest},
  journal={The London, Edinburgh, and Dublin Philosophical Magazine and Journal of Science},
  volume={47},
  number={284},
  pages={109--163},
  year={1899},
  publisher={Taylor \& Francis}
}

@article{villard1900,
  title={Sur la r{\'e}flexion et la r{\'e}fraction des rayons cathodiques et des rayons d{\'e}viables du radium},
  author={Villard, P.},
  journal={CR Acad. Sci. Paris},
  volume={130},
  pages={1010},
  year={1900}
}

@article{rutherford1903,
  title={XV. The magnetic and electric deviation of the easily absorbed rays from radium},
  author={Rutherford, Ernest},
  journal={The London, Edinburgh, and Dublin Philosophical Magazine and Journal of Science},
  volume={5},
  number={26},
  pages={177--187},
  year={1903},
  publisher={Taylor \& Francis}
}

@article{becquerel1900,
  title={Influence d'un champ magn{\'e}tique sur le rayonnement des corps radio-actifs},
  author={Becquerel, Henri},
  journal={Journal de Physique Th{\'e}orique et Appliqu{\'e}e},
  volume={9},
  number={1},
  pages={71--78},
  year={1900},
  publisher={Soci{\'e}t{\'e} Fran{\c{c}}aise de Physique}
}

@article{PauliNeutrino1978,
  title={The idea of the neutrino},
  author={Brown, Laurie M},
  journal={Physics today},
  volume={31},
  number={9},
  pages={23},
  year={1978}
}

@article{rutherfordsoddy1903,
  title={LX. radioactive change},
  author={Rutherford, Ernest and Soddy, Frederick},
  journal={The London, Edinburgh, and Dublin Philosophical Magazine and Journal of Science},
  volume={5},
  number={29},
  pages={576--591},
  year={1903},
  publisher={Taylor \& Francis}
}

@book{AbrahamPais,
	title = {Inward Bound: Of Matter and Forces in the Physical World},
	author = {Abraham Pais},
	year = {1986},
	publisher = {Oxford University Press}
}

@ARTICLE{Fermi1934Italian,
       author = {{Fermi}, Enrico},
        title = "{Tentativo di una Teoria Dei Raggi {\ensuremath{\beta}}}",
      journal = {Il Nuovo Cimento},
         year = 1934,
        month = Jan,
       volume = {11},
       number = {1},
        pages = {1-19},
          doi = {10.1007/BF02959820},
       adsurl = {https://ui.adsabs.harvard.edu/abs/1934NCim...11....1F},
      adsnote = {Provided by the SAO/NASA Astrophysics Data System}
}

@article{Fermi1934German,
  author = {{Fermi}, Enrico},
  title  = "{Versuch einer Theorie der $\beta$-Strahlen. I}",
  journal= "{Zeitschrift f{\"u}r Physik}",
  volume={88},
  number={3},
  pages={161--177},
  year={1934},
  publisher={Springer}
}

@article{fermi1934english,
  title={An attempt of a theory of beta radiation. 1},
  author={Fermi, Enrico},  
  journal={Z. phys},
  volume={88},
  number={161--177},
  pages={19},
  year={1934}
}

@article{Higgs1964Higgs,
  title = {Broken Symmetries and the Masses of Gauge Bosons},
  author = {Higgs, Peter W.},
  journal = {Physical Review Letters},
  volume = {13},
  issue = {16},
  pages = {508--509},
  numpages = {0},
  year = {1964},
  month = {Oct},
  publisher = {American Physical Society},
  doi = {10.1103/PhysRevLett.13.508},
  url = {https://link.aps.org/doi/10.1103/PhysRevLett.13.508}
}

@article{Higgs1964EnglertBrout,
  title = {Broken Symmetry and the Mass of Gauge Vector Mesons},
  author = {Englert, F. and Brout, R.},
  journal = {Physical Review Letters},
  volume = {13},
  issue = {9},
  pages = {321--323},
  numpages = {0},
  year = {1964},
  month = {Aug},
  publisher = {American Physical Society},
  doi = {10.1103/PhysRevLett.13.321},
  url = {https://link.aps.org/doi/10.1103/PhysRevLett.13.321}
}

@article{Higgs1964GuralnikHagenKibble,
  title = {Global Conservation Laws and Massless Particles},
  author = {Guralnik, G. S. and Hagen, C. R. and Kibble, T. W. B.},
  journal = {Physical Review Letters},
  volume = {13},
  issue = {20},
  pages = {585--587},
  numpages = {0},
  year = {1964},
  month = {Nov},
  publisher = {American Physical Society},
  doi = {10.1103/PhysRevLett.13.585},
  url = {https://link.aps.org/doi/10.1103/PhysRevLett.13.585}
}


@misc{BroutEnglertArXiv,
  doi = {10.48550/ARXIV.HEP-TH/9802142},
  url = {https://arxiv.org/abs/hep-th/9802142},
  author = {Brout, R. and Englert, F.},
  keywords = {High Energy Physics - Theory (hep-th), FOS: Physical sciences, FOS: Physical sciences},
  title = {Spontaneous Symmetry Breaking in Gauge Theories: a Historical Survey},
  publisher = {arXiv},
  year = {1998},
  copyright = {Assumed arXiv.org perpetual, non-exclusive license to distribute this article for submissions made before January 2004}
}

@article{guralnik2009,
  title={The history of the Guralnik, Hagen and Kibble development of the theory of spontaneous symmetry breaking and gauge particles},
  author={Guralnik, Gerald S},
  journal={International Journal of Modern Physics A},
  volume={24},
  number={14},
  pages={2601--2627},
  year={2009},
  publisher={World Scientific}
}

@article{thooftveltman1972,
author = {G. {'t Hooft} and M. Veltman},
title = {Regularization and renormalization of gauge fields},
journal = {Nuclear Physics B},
volume = {44},
number = {1},
pages = {189-213},
year = {1972},
issn = {0550-3213},
doi = {https://doi.org/10.1016/0550-3213(72)90279-9},
url = {https://www.sciencedirect.com/science/article/pii/0550321372902799},
abstract = {A new regularization and renormalization procedure is presented. It is particularly well suited for the treatment of gauge theories. The method works for theories that were known to be renormalizable as well as for Yang-Mills type theories. Overlapping divergencies are disentangled. The procedure respects unitarity, causality and allows shifts of integration variables. In non-anomalous cases also Ward identities are satisfied at all stages. It is transparent when anomalies, such as the Bell-Jackiw-Adler anomaly, may occur.}
}

@article{Weinberg1967,
  author = {Weinberg, Steven},
  title = {A Model of Leptons},
  journal = {Physical Review Letters},
  volume = {19},
  issue = {21},
  pages = {1264--1266},
  numpages = {0},
  year = {1967},
  month = {Nov},
  publisher = {American Physical Society},
  doi = {10.1103/PhysRevLett.19.1264},
  url = {https://link.aps.org/doi/10.1103/PhysRevLett.19.1264}
}

@article{tomonaga1946,
  title={On a relativistically invariant formulation of the quantum theory of wave fields.},
  author={Tomonaga, Sin-itiro},
  journal={Progress of Theoretical Physics},
  volume={1},
  number={2},
  pages={27--42},
  year={1946},
  publisher={THE PHYSICAL SOCIETY OF JAPAN}
}

@article{schwinger1948magnetic,
  title={On quantum-electrodynamics and the magnetic moment of the electron},
  author={Schwinger, Julian},
  journal={Physical Review},
  volume={73},
  number={4},
  pages={416},
  year={1948},
  publisher={APS}
}

@article{schwinger1948covariant,
  title={Quantum electrodynamics. I. A covariant formulation},
  author={Schwinger, Julian},
  journal={Physical Review},
  volume={74},
  number={10},
  pages={1439},
  year={1948},
  publisher={APS}
}

@article{feynman1949spacetime,
  title={Space-time approach to quantum electrodynamics},
  author={Feynman, Richard Phillips},
  journal={Physical Review},
  volume={76},
  number={6},
  pages={769},
  year={1949},
  publisher={APS}
}

@article{feynman1949positrons,
  title={The theory of positrons},
  author={Feynman, Richard P},
  journal={Physical Review},
  volume={76},
  number={6},
  pages={749},
  year={1949},
  publisher={APS}
}

@article{feynman1950,
  title={Mathematical formulation of the quantum theory of electromagnetic interaction},
  author={Feynman, Richard Phillips},
  journal={Physical Review},
  volume={80},
  number={3},
  pages={440},
  year={1950},
  publisher={APS}
}

@article{dyson1949theories,
  title={The radiation theories of Tomonaga, Schwinger, and Feynman},
  author={Dyson, Freeman J},
  journal={Physical Review},
  volume={75},
  number={3},
  pages={486},
  year={1949},
  publisher={APS}
}

@article{dyson1949Smatrix,
  title={The S matrix in quantum electrodynamics},
  author={Dyson, Freeman J},
  journal={Physical Review},
  volume={75},
  number={11},
  pages={1736},
  year={1949},
  publisher={APS}
}

@article{Glashow1961,
title = {Partial-symmetries of weak interactions},
journal = {Nuclear Physics},
volume = {22},
number = {4},
pages = {579-588},
year = {1961},
issn = {0029-5582},
doi = {https://doi.org/10.1016/0029-5582(61)90469-2},
url = {https://www.sciencedirect.com/science/article/pii/0029558261904692},
author = {Sheldon L. Glashow},
abstract = {Weak and electromagnetic interactions of the leptons are examined under the hypothesis that the weak interactions are mediated by vector bosons. With only an isotopic triplet of leptons coupled to a triplet of vector bosons (two charged decay-intermediaries and the photon) the theory possesses no partial-symmetries. Such symmetries may be established if additional vector bosons or additional leptons are introduced. Since the latter possibility yields a theory disagreeing with experiment, the simplest partially-symmetric model reproducing the observed electromagnetic and weak interactions of leptons requires the existence of at least four vector-boson fields (including the photon). Corresponding partially-conserved quantities suggest leptonic analogues to the conserved quantities associated with strong interactions: strangeness and isobaric spin.}
}


@article{SalamWard1964,
author={Salam, Abdus and Ward, John Clive},
title = {Electromagnetic and weak interactions},
journal = {Physics Letters},
volume = {13},
number = {2},
pages = {168-171},
year = {1964},
issn = {0031-9163},
doi = {https://doi.org/10.1016/0031-9163(64)90711-5},
url = {https://www.sciencedirect.com/science/article/pii/0031916364907115},
}

@article{GamowTeller,
  title = {Selection Rules for the $\ensuremath{\beta}$-Disintegration},
  author = {Gamow, G. and Teller, E.},
  journal = {Physical Review},
  volume = {49},
  issue = {12},
  pages = {895--899},
  numpages = {0},
  year = {1936},
  month = {Jun},
  publisher = {American Physical Society},
  doi = {10.1103/PhysRev.49.895},
  url = {https://link.aps.org/doi/10.1103/PhysRev.49.895}
}

@article{FeynmanGellMann1958,
  title = {Theory of the Fermi Interaction},
  author = {Feynman, R. P. and Gell-Mann, M.},
  journal = {Physical Review},
  volume = {109},
  issue = {1},
  pages = {193--198},
  numpages = {0},
  year = {1958},
  month = {Jan},
  publisher = {American Physical Society},
  doi = {10.1103/PhysRev.109.193},
  url = {https://link.aps.org/doi/10.1103/PhysRev.109.193}
}


@article{gross1973asymptotically,
  title={Asymptotically free gauge theories},
  author={Gross, David J and Wilczek, Frank},
  journal={Physical Review D},
  volume={8},
  number={10},
  pages={3633},
  year={1973},
  publisher={APS}
}

@article{gross1973ultraviolet,
  title={Ultraviolet behavior of non-abelian gauge theories},
  author={Gross, David J and Wilczek, Frank},
  journal={Physical Review Letters},
  volume={30},
  number={26},
  pages={1343},
  year={1973},
  publisher={APS}
}

@article{politzer1973reliable,
  title={Reliable perturbative results for strong interactions?},
  author={Politzer, H David},
  journal={Physical Review Letters},
  volume={30},
  number={26},
  pages={1346},
  year={1973},
  publisher={APS}
}

@article{weinberginterview2018,
  author       = {Michael Schirber},
  title        = {Q\&A: with Standard Bearer Steven Weinberg},
  journal      = {APS News},
  month        = {Feb},
  year         = {2019},
  volume       = {28},
  number       = {2}
}

@article{PaisTreiman1975,
  title = {How Many Charm Quantum Numbers are There?},
  author = {Pais, A. and Treiman, S. B.},
  journal = {Physical Review Letters},
  volume = {35},
  issue = {23},
  pages = {1556--1559},
  numpages = {0},
  year = {1975},
  month = {Dec},
  publisher = {American Physical Society},
  doi = {10.1103/PhysRevLett.35.1556},
  url = {https://link.aps.org/doi/10.1103/PhysRevLett.35.1556}
}


@incollection{salam1994,
  title={Weak and electromagnetic interactions},
  author={Salam, Abdus},
  booktitle={Selected Papers Of Abdus Salam: (With Commentary)},
  pages={244--254},
  year={1994},
  publisher={World Scientific}
}

@misc{salam1968,
  title={Elementary particle theory},
  author={Salam, Abdus},
  editor={N. Svartholm},
  year={1968},
  publisher={Almqvist and Wiksell, Stockholm}
}

@article{gargamelle,
author = {F.J. Hasert and others},
title = {Observation of neutrino-like interactions without muon or electron in the Gargamelle neutrino experiment},
journal = {Nuclear Physics B},
volume = {73},
number = {1},
pages = {1-22},
year = {1974},
issn = {0550-3213},
doi = {https://doi.org/10.1016/0550-3213(74)90038-8},
url = {https://www.sciencedirect.com/science/article/pii/0550321374900388},
allauthors = {F.J. Hasert and S. Kabe and W. Krenz and J. {Von Krogh} and D. Lanske and J. Morfin and K. Schultze and H. Weerts and G. Bertrand-Coremans and J. Sacton and W. {Van Doninck} and P. Vilain and R. Baldi and U. Camerini and D.C. Cundy and I. Danilchenko and W.F. Fry and D. Haidt and S. Natali and P. Musset and B. Osculati and R. Palmer and J.B.M. Pattison and D.H. Perkins and A. Pullia and A. Rousset and W. Venus and H. Wachsmuth and V. Brisson and B. Degrange and M. Haguenauer and L. Kluberg and U. Nguyen-Khac and P. Petiau and E. Bellotti and S. Bonetti and D. Cavalli and C. Conta and E. Fiorini and M. Rollier and B. Aubert and D. Blum and L.M. Chounet and P. Heusse and A. Lagarrigue and A.M. Lutz and A. Orkin-Lecourtois and J.P. Vialle and F.W. Bullock and M.J. Esten and T.W. Jones and J. McKenzie and A.G. Michette and G. Myatt and W.G. Scott}
}

@article{UA1W,
author = {G. Arnison and others},
title = {Experimental observation of isolated large transverse energy electrons with associated missing energy at s=540 GeV},
journal = {Physics Letters B},
volume = {122},
number = {1},
pages = {103-116},
year = {1983},
issn = {0370-2693},
doi = {https://doi.org/10.1016/0370-2693(83)91177-2},
url = {https://www.sciencedirect.com/science/article/pii/0370269383911772},
collaboration = {UA1},
allauthors = {G. Arnison and A. Astbury and B. Aubert and C. Bacci and G. Bauer and A. B\'ezaguet and R. B√∂ck and T.J.V. Bowcock and M. Calvetti and T. Carroll and P. Catz and P. Cennini and S. Centro and F. Ceradini and S. Cittolin and D. Cline and C. Cochet and J. Colas and M. Corden and D. Dallman and M. DeBeer and M. {Della Negra} and M. Demoulin and D. Denegri and A. {Di Ciaccio} and D. DiBitonto and L. Dobrzynski and J.D. Dowell and M. Edwards and K. Eggert and E. Eisenhandler and N. Ellis and P. Erhard and H. Faissner and G. Fontaine and R. Frey and R. Fr√ºhwirth and J. Garvey and S. Geer and C. Ghesqui√®re and P. Ghez and K.L. Giboni and W.R. Gibson and Y. Giraud-H√©raud and A. Givernaud and A. Gonidec and G. Grayer and P. Gutierrez and T. Hansl-Kozanecka and W.J. Haynes and L.O. Hertzberger and C. Hodges and D. Hoffmann and H. Hoffmann and D.J. Holthuizen and R.J. Homer and A. Honma and W. Jank and G. Jorat and P.I.P. Kalmus and V. Karim√§ki and R. Keeler and I. Kenyon and A. Kernan and R. Kinnunen and H. Kowalski and W. Kozanecki and D. Kryn and F. Lacava and J.-P. Laugier and J.-P. Lees and H. Lehmann and K. Leuchs and A. L√©v√™que and E. Linglin and E. Locci and M. Loret and J.-J. Malosse and T. Markiewicz and G. Maurin and T. McMahon and J.-P. Mendiburu and M.-N. Minard and M. Moricca and H. Muirhead and F. Muller and A.K. Nandi and L. Naumann and A. Norton and A. Orkin-Lecourtois and L. Paoluzi and G. Petrucci and G.Piano Mortari and M. Pimi√§ and A. Placci and E. Radermacher and J. Ransdell and H. Reithler and J.-P. Revol and J. Rich and M. Rijssenbeek and C. Roberts and J. Rohlf and P. Rossi and C. Rubbia and B. Sadoulet and G. Sajot and G. Salvi and J. Salvini and J. Sass and A. Saudraix and A. Savoy-Navarro and D. Schinzel and W. Scott and T.P. Shah and M. Spiro and J. Strauss and K. Sumorok and F. Szoncso and D. Smith and C. Tao and G. Thompson and J. Timmer and E. Tscheslog and J. Tuominiemi and S. {Van der Meer} and J.-P. Vialle and J. Vrana and V. Vuillemin and H.D. Wahl and P. Watkins and J. Wilson and Y.G. Xie and M. Yvert and E. Zurfluh}
}

@article{UA2W,
author = {M. Banner and others},
title = {Observation of single isolated electrons of high transverse momentum in events with missing transverse energy at the CERN pp collider},
journal = {Physics Letters B},
volume = {122},
number = {5},
pages = {476-485},
year = {1983},
issn = {0370-2693},
doi = {https://doi.org/10.1016/0370-2693(83)91605-2},
url = {https://www.sciencedirect.com/science/article/pii/0370269383916052},
collaboration = {UA2},
allauthors = {M. Banner and R. Battiston and Ph. Bloch and F. Bonaudi and K. Borer and M. Borghini and J.-C. Chollet and A.G. Clark and C. Conta and P. Darriulat and L. {Di Lella} and J. Dines-Hansen and P.-A. Dorsaz and L. Fayard and M. Fraternali and D. Froidevaux and J.-M. Gaillard and O. Gildemeister and V.G. Goggi and H. Grote and B. Hahn and H. H\"anni and J.R. Hansen and P. Hansen and T. Himel and V. Hungerb\"uhler and P. Jenni and O. Kofoed-Hansen and E. Lan√ßon and M. Livan and S. Loucatos and B. Madsen and P. Mani and B. Mansoulie and G.C. Mantovani and L. Mapelli and B. Merkel and M. Mermikides and M\o{}llerud and B. Nilsson and C. Onions and G. Parrour and F. Pastore and H. Plothow-Besch and M. Polverel and J.-P. Repellin and A. Rothenberg and A. Roussarie and G. Sauvage and J. Schacher and J.L. Siegrist and H.M. Steiner and G. Stimpfl and F. Stocker and J. Teiger and V. Vercesi and A. Weidberg and H. Zaccone and W. Zeller}
}

@article{UA2Z,
author={P. Bagnaia and others},
title={Evidence for $Z^0 \rightarrow e^+ e^-$ at the CERN $\bar{p}p$ Collider},
journal = {Physics Letters B},
volume = {129},
number = {1},
pages = {130-140},
year = {1983},
issn = {0370-2693},
doi = {https://doi.org/10.1016/0370-2693(83)90744-X},
url = {https://www.sciencedirect.com/science/article/pii/037026938390744X},
collaboration = {UA2},
allauthors = {P. Bagnaia and M. Banner and R. Battiston and Ph. Bloch and F. Bonaudi and K. Borer and M. Borghini and J.-C. Chollet and A.G. Clark and C. Conta and P. Darriulat and L. {Di Lella} and J. Dines-Hansen and P.A. Dorsaz and L. Fayard and M. Fraternali and D. Froidevaux and G. Fumagalli and J.-M. Gaillard and O. Gildemeister and V.G. Goggi and H. Grote and B. Hahn and H. H\"anni and J.R. Hansen and P. Hansen and T. Himel and V. Hungerb\"uhler and P. Jenni and O. Kofoed-Hansen and E. Lan√ßon and M. Livan and S. Loucatos and B. Madsen and P. Mani and B. Mansouli\'e and G.C. Mantovani and L. Mapelli and B. Merkel and M. Mermikides and R. M\o{}llerud and B. Nilsson and C. Onions and G. Parrour and F. Pastore and H. Plothow-Besch and M. Polverel and J.-P. Repellin and A. Rimoldi and A. Rothenberg and A. Roussarie and G. Sauvage and J. Schacher and J.L. Siegrist and H.M. Steiner and G. Stimpfl and F. Stocker and J. Teiger and V. Vercesi and A.R. Weidberg and H. Zaccone and J.A. Zakrzewski and W. Zeller}
}

@article{UA1Z,
author = {G. Arnison and others},
title = {Experimental observation of lepton pairs of invariant mass around 95 GeV$/c^2$ at the CERN SPS collider},
journal = {Physics Letters B},
volume = {126},
number = {5},
pages = {398-410},
year = {1983},
issn = {0370-2693},
doi = {https://doi.org/10.1016/0370-2693(83)90188-0},
url = {https://www.sciencedirect.com/science/article/pii/0370269383901880},
collaboration = {UA1},
allauthors = {G. Arnison and A. Astbury and B. Aubert and C. Bacci and G. Bauer and A. B\'ezaguet and R. B√∂ck and T.J.V. Bowcock and M. Calvetti and P. Catz and P. Cennini and S. Centro and F. Ceradini and S. Cittolin and D. Cline and C. Cochet and J. Colas and M. Corden and D. Dallman and D. Dau and M. DeBeer and M.Della Negra and M. Demoulin and D. Denegri and A. {Di Ciaccio} and D. Dibitonto and L. Dobrzynski and J.D. Dowell and K. Eggert and E. Eisenhandler and N. Ellis and P. Erhard and H. Faissner and M. Fincke and G. Fontaine and R. Frey and R. Fr√ºhwirth and J. Garvey and S. Geer and C. Ghesqui√®re and P. Ghez and K. Giboni and W.R. Gibson and Y. Giraud-H√©raud and A. Givernaud and A. Gonidec and G. Grayer and T. Hansl-Koza\.{a}ecka and W.J. Haynes and L.O. Hertzberger and C. Hodges and D. Hoffmann and H. Hoffmann and D.J. Holthuizen and R.J. Homer and A. Honma and W. Jank and G. Jorat and P.I.P. Kalmus and V. Karim√§ki and R. Keeler and I. Kenyon and A. Kernan and R. Kinnunen and W. Kozanecki and D. Kryn and F. Lacava and J.-P. Laugier and J.-P. Lees and H. Lehmann and R. Leuchs and A. L√©v√™que and D. Linglin and E. Locci and J.-J. Malosse and T. Markiewicz and G. Maurin and T. McMahon and J.-P. Mendiburu and M.-N. Minard and M. Mohammadi and M. Moricca and K. Morgan and H. Muirhead and F. Muller and A.K. Nandi and L. Naumann and A. Norton and A. Orkin-Lecourtois and L. Paoluzi and F. Pauss and G.Piano Mortari and E. Pietarinen and M. Pimi\"a and A. Placci and J.P. Porte and E. Radermacher and J. Ransdell and H. Reithler and J.-P. Revol and J. Rich and M. Rijssenbeek and C. Roberts and J. Rohlf and P. Rossi and C. Rubbia and B. Sadoulet and G. Sajot and G. Salvi and G. Salvini and J. Sass and J. Saudraix and A. Savoy-Navarro and D. Schinzel and W. Scott and T.P. Shah and M. Spiro and J. Strauss and J. Streets and K. Sumorok and F. Szoncso and D. Smith and C. Tao and G. Thompson and J. Timmer and E. Tscheslog and J. Touminiemi and B. {Van Eijk} and J.-P. Vialle and J. Vrana and V. Vuillemin and H.D. Wahl and P. Watkins and J. Wilson and C. Wulz and G.Y. Xie and M. Yvert and E. Zurfluh}
}


%%% Classics:  %%%

@article{raabprentiss,
  title = {Trapping of Neutral Sodium Atoms with Radiation Pressure},
  author = {Raab, E. L. and Prentiss, M. and Cable, Alex and Chu, Steven and Pritchard, D. E.},
  journal = {Physical Review Letters},
  volume = {59},
  issue = {23},
  pages = {2631--2634},
  numpages = {0},
  year = {1987},
  month = {Dec},
  publisher = {American Physical Society},
  doi = {10.1103/PhysRevLett.59.2631},
  url = {http://link.aps.org/doi/10.1103/PhysRevLett.59.2631}
}

@article{harveymurray,
  title = {Cold Atom Trap with Zero Residual Magnetic Field: The AC Magneto-Optical Trap},
  author = {Harvey, Matthew and Murray, Andrew James},
  journal = {Physical Review Letters},
  volume = {101},
  issue = {17},
  pages = {173201},
  numpages = {4},
  year = {2008},
  month = {Oct},
  publisher = {American Physical Society},
  doi = {10.1103/PhysRevLett.101.173201},
  url = {http://link.aps.org/doi/10.1103/PhysRevLett.101.173201}
}
  
@book{metcalf, 
	author={Harold J. Metcalf and Peter van der Straten}, 
	title={Laser Cooling and Trapping},
	publisher = {Springer-Verlag New York Inc.},
	year={1999}
}

@article{jtw,
  title = {Possible Tests of Time Reversal Invariance in Beta Decay},
  author = {Jackson, J. D. and Treiman, S. B. and Wyld, H. W.},
  journal = {Physical Review},
  volume = {106},
  issue = {3},
  pages = {517--521},
  year = {1957},
  month = {May},
  publisher = {American Physical Society},
  doi = {10.1103/PhysRev.106.517},
  url = {http://link.aps.org/doi/10.1103/PhysRev.106.517}
}

@article{jtw_coulomb,
  title = {Coulomb Corrections in Allowed Beta Transitions},
 author = {Jackson, J.~D. and Treiman, S.~B. and Wyld, H.~W.},
journal = {Nuclear Physics},
   year = 1957,
  month = nov,
 volume = 4,
  pages = {206-212},
    doi = {10.1016/0029-5582(87)90019-8},
 adsurl = {http://adsabs.harvard.edu/abs/1957NucPh...4..206J},
adsnote = {Provided by the SAO/NASA Astrophysics Data System}
}

@article{Q_value,
 author = "G. Audi and A.H. Wapstra and C. Thibault",
  title = "The {AME2003} Atomic Mass Evaluation",
comment = "% Q values -- Q_AME2003.pdf %",
journal = "Nuclear Physics A",
 volume = "729",
 number = "1",
  pages = "337 - 676",
   year = "2003",
   note = "",
   issn = "0375-9474",
    doi = "http://dx.doi.org/10.1016/j.nuclphysa.2003.11.003",
    url = "http://www.sciencedirect.com/science/article/pii/S0375947403018098",
}

%%% Ours:  %%%

@mastersthesis{thesis, 
   series={Electronic Theses and Dissertations (ETDs) 2008+}, 
   title={Characterizing the {AC-MOT}}, 
   url={https://open.library.ubc.ca/cIRcle/collections/24/items/1.0165992}, 
   DOI={http://dx.doi.org/10.14288}, 
   school={University of British Columbia}, 
   author={Melissa Anholm}, 
   year={2014}, 
   collection={Electronic Theses and Dissertations (ETDs) 2008+}
}

@article{pshidling,
  title = {Precision half-life measurement of the ${\ensuremath{\beta}}^{+}$ decay of $^{37}\mathrm{K}$},
  author = {Shidling, P. D. and Melconian, D. and Behling, S. and Fenker, B. and Hardy, J. C. and Iacob, V. E. and McCleskey, E. and McCleskey, M. and Mehlman, M. and Park, H. I. and Roeder, B. T.},
  journal = {Physical Review C},
  volume = {90},
  issue = {3},
  pages = {032501},
  numpages = {5},
  year = {2014},
  month = {Sep},
  publisher = {American Physical Society},
  doi = {10.1103/PhysRevC.90.032501},
  url = {http://link.aps.org/doi/10.1103/PhysRevC.90.032501}
}


@Article{Gorelov2000,
author="Gorelov, A. and Behr, J.A. and Melconian, D. and Trinczek, M.
and Dub{\'e}, P. and H{\"a}usser, O. and Giesen, U. and Jackson, K.P.
and Swanson, T. and D'Auria, J.M. and Dombsky, M. and Ball, G.
and Buchmann, L. and Jennings, B. and Dilling, J. and Schmid, J.
and Ashery, D. and Deutsch, J. and Alford, W.P. and Asgeirsson, D.
and Wong, W. and Lee, B.",
title="Beta--neutrino correlation experiments on laser trapped \isotope[38m]{K}, $^{37}\mathrm{K}$",
journal="Hyperfine Interactions",
year="2000",
volume="127",
number="1",
pages="373--380",
issn="1572-9540",
doi="10.1023/A:1012649229978",
url="http://dx.doi.org/10.1023/A:1012649229978"
}


@article{melconian_lambda2007,
  title={Measurement of the neutrino asymmetry in the $\beta$ decay of laser-cooled, polarized $^{37}\mathrm{K}$},
  author={Melconian, Daniel and Behr, JA and Ashery, D and Aviv, O and Bricault, PG and Dombsky, M and Fostner, S and Gorelov, A and Gu, S and Hanemaayer, V and others},
  journal={Physics Letters B},
  volume={649},
  number={5},
  pages={370--375},
  year={2007},
  publisher={Elsevier}
}

@PhDThesis{dan_thesis, 
   title={Measurement of the Neutrino Asymmetry in the Beta Decay of Laser-Cooled, Polarized $^{37}\textrm{K}$ }, 
   school={Simon Fraser University}, 
   author={Dan G. Melconian}, 
   year={2005}
}

%article{ben_OP1, 
%title={Precision measurement of the nuclear polarization in laser-%cooled, optically pumped $^{37}\mathrm{K}$},
%author={Benjamin Fenker and John A. Behr and Dan Melconian and Rhys M. %A. Anderson and Melissa Anholm and Daniel Ashery and Richard S. Behling and Iuliana Cohen and Ioana Craiciu and John M. Donohue and Christian Farfan and Daniel Friesen and Alexandre Gorelov and James McNeil and Michael Mehlman and Heather Norton and Konstantin Olchanski and Scott Smale and O. Theriault and Adrian N. Vantyghem and Claire L. Warner},
%year={2016},
%month={February},
%url={http://arxiv.org/abs/1602.04526v1},
%journal={Submitted to the New Journal of Physics}
%}

  	
@article{ben_OP,
  author={B Fenker and J A Behr and D Melconian and R M A Anderson and M Anholm and D Ashery and R S Behling and I Cohen and I Craiciu and J M
Donohue and C Farfan and D Friesen and A Gorelov and J McNeil and M Mehlman and H Norton and K Olchanski and S Smale and O Th\'{e}riault and A N
Vantyghem and C L Warner},
  title={Precision measurement of the nuclear polarization in laser-cooled, optically pumped $^{37}\textrm{K}$},
  journal={New Journal of Physics},
  volume={18},
  number={7},
  pages={073028},
  url={http://stacks.iop.org/1367-2630/18/i=7/a=073028}, 
  other_url={http://arxiv.org/abs/1602.04526v1},
  year={2016}
}
	

@article{swanson, 
author = {T. B. Swanson and D. Asgeirsson and J. A. Behr and A. Gorelov and D. Melconian}, 
journal = {Journal of the Optical Society of America B}, 
keywords = {Laser trapping; Laser cooling},
number = {11}, 
pages = {2641--2645}, 
publisher = {OSA},
title = {Efficient transfer in a double magneto-optical trap system}, 
volume = {15}, 
month = {Nov},
year = {1998},
url = {http://josab.osa.org/abstract.cfm?URI=josab-15-11-2641},
doi = {10.1364/JOSAB.15.002641}
}


%%%  Useful:  %%%
@article{garcia_tensors,
  title = {Limits on tensor-type weak currents from nuclear and neutron $\ensuremath{\beta}$ decays},
  author = {Wauters, F. and Garc\'{\i}a, A. and Hong, R.},
  journal = {Physical Review C},
  volume = {89},
  issue = {2},
  pages = {025501},
  numpages = {6},
  year = {2014},
  month = {Feb},
  publisher = {American Physical Society},
  doi = {10.1103/PhysRevC.89.025501},
  url = {http://link.aps.org/doi/10.1103/PhysRevC.89.025501}
}

@article{severijns_beck_cuncic_2006,
  title = {Tests of the standard electroweak model in nuclear beta decay},
  author = {Severijns, Nathal and Beck, Marcus and Naviliat-Cuncic, Oscar},
  journal = {Reviews of Modern Physics},
  volume = {78},
  issue = {3},
  pages = {991--1040},
  numpages = {0},
  year = {2006},
  month = {September},
  publisher = {American Physical Society},
  doi = {10.1103/RevModPhys.78.991},
  url = {http://link.aps.org/doi/10.1103/RevModPhys.78.991}
}

@article{herczeg_2011,
      author         = "Herczeg, P.",
      title          = "{Beta decay beyond the standard model}",
      journal        = "Prog. Part. Nucl. Phys.",
      volume         = "46",
      year           = "2001",
      pages          = "413-457",
      doi            = "10.1016/S0146-6410(01)00149-1"
}

@article{severijns_cuncic_2011,
  title={Symmetry tests in nuclear beta decay},
  author={Severijns, Nathal and Naviliat-Cuncic, Oscar},
  journal={Annual Review of Nuclear and Particle Science},
  volume={61},
  pages={23--46},
  year={2011},
  publisher={Annual Reviews}
}

@article {cuncic_alonso_LHC,
author = {Naviliat-Cuncic, Oscar and Gonz\'{a}lez-Alonso, Mart¬ín},
title = {Prospects for precision measurements in nuclear $\ensuremath{\beta}$ decay in the LHC era},
journal = {Annalen der Physik},
volume = {525},
number = {8-9},
issn = {1521-3889},
url = {http://dx.doi.org/10.1002/andp.201300072},
doi = {10.1002/andp.201300072},
pages = {600--619},
keywords = {Nuclear beta decay, weak interactions, tests of the standard model, searches for exotic couplings},
year = {2013},
}

@article{twist_LR_2011,
  title = {Experimental Constraints on Left-Right Symmetric Models from Muon Decay},
  author = {Bayes, R. and Bueno, J. F. and Hillairet, A. and Davydov, Yu. I. and Depommier, P. and Faszer, W. and Gagliardi, C. A. and Gaponenko, A. and Gill, D. R. and Grossheim, A. and Gumplinger, P. and Hasinoff, M. D. and Henderson, R. S. and Hu, J. and Koetke, D. D. and MacDonald, R. P. and Marshall, G. M. and Mathie, E. L. and Mischke, R. E. and Olchanski, K. and Olin, A. and Openshaw, R. and Poutissou, J.-M. and Poutissou, R. and Selivanov, V. and Sheffer, G. and Shin, B. and Stanislaus, T. D. S. and Tacik, R. and Tribble, R. E.},
  collaboration = {TWIST Collaboration},
  journal = {Physical Review Letters},
  volume = {106},
  issue = {4},
  pages = {041804},
  numpages = {4},
  year = {2011},
  month = {Jan},
  publisher = {American Physical Society},
  doi = {10.1103/PhysRevLett.106.041804},
  url = {http://link.aps.org/doi/10.1103/PhysRevLett.106.041804}
}

@article{twist_2006,
  title = {Measurement of ${P}_{\ensuremath{\mu}}\ensuremath{\xi}$ in polarized muon decay},
  author = {Jamieson, B. and Bayes, R. and Davydov, Yu. I. and Depommier, P. and Doornbos, J. and Faszer, W. and Fujiwara, M. C. and Gagliardi, C. A. and Gaponenko, A. and Gill, D. R. and Gumplinger, P. and Hasinoff, M. D. and Henderson, R. S. and Hu, J. and Kitching, P. and Koetke, D. D. and Macdonald, J. A. and MacDonald, R. P. and Marshall, G. M. and Mathie, E. L. and Mischke, R. E. and Musser, J. R. and Nozar, M. and Olchanski, K. and Olin, A. and Openshaw, R. and Porcelli, T. A. and Poutissou, J.-M. and Poutissou, R. and Quraan, M. A. and Rodning, N. L. and Selivanov, V. and Sheffer, G. and Shin, B. and Stanislaus, T. D. S. and Tacik, R. and Torokhov, V. D. and Tribble, R. E. and Vasiliev, M. A.},
  journal = {Physical Review D},
  volume = {74},
  issue = {7},
  pages = {072007},
  numpages = {11},
  year = {2006},
  month = {Oct},
  publisher = {American Physical Society},
  doi = {10.1103/PhysRevD.74.072007},
  url = {http://link.aps.org/doi/10.1103/PhysRevD.74.072007}
}

@article{twist_rhodelta_2008,
  title = {Precision measurement of the muon decay parameters $\ensuremath{\rho}$ and $\ensuremath{\delta}$},
  author = {MacDonald, R. P. and Bayes, R. and Bueno, J. and Davydov, Yu. I. and Depommier, P. and Faszer, W. and Fujiwara, M. C. and Gagliardi, C. A. and Gaponenko, A. and Gill, D. R. and Grossheim, A. and Gumplinger, P. and Hasinoff, M. D. and Henderson, R. S. and Hillairet, A. and Hu, J. and Jamieson, B. and Kitching, P. and Koetke, D. D. and Marshall, G. M. and Mathie, E. L. and Mischke, R. E. and Musser, J. R. and Nozar, M. and Olchanski, K. and Olin, A. and Openshaw, R. and Poutissou, J.-M. and Poutissou, R. and Quraan, M. A. and Selivanov, V. and Sheffer, G. and Shin, B. and Stanislaus, T. D. S. and Tacik, R. and Tribble, R. E.},
  collaboration = {TWIST Collaboration},
  journal = {Physical Review D},
  volume = {78},
  issue = {3},
  pages = {032010},
  numpages = {14},
  year = {2008},
  month = {Aug},
  publisher = {American Physical Society},
  doi = {10.1103/PhysRevD.78.032010},
  url = {http://link.aps.org/doi/10.1103/PhysRevD.78.032010}
}


%%% Books.

@book{corney, 
	author={A. Corney}, 
	title={Atomic and Laser Spectroscopy},
	publisher = {Oxford University Press, New York},
	year={1977}
}

@book{jackson, 
	author={John David Jackson}, 
	title={Classical Electrodynamics},
  edition = {3rd ed.},
  address = {New York, {NY}},
  isbn = {9780471309321},
  publisher = {Wiley},
	year={1999}
}


% Others.





%%% Thesis!  %%%

@article{holstein,
       author = {{Holstein}, Barry R.},
        title = "{Recoil effects in allowed beta decay: The elementary particle approach}",
      journal = {Reviews of Modern Physics},
         year = 1974,
        month = Oct,
       volume = {46},
       number = {4},
        pages = {789-814},
          doi = {10.1103/RevModPhys.46.789},
       adsurl = {https://ui.adsabs.harvard.edu/abs/1974RvMP...46..789H},
      adsnote = {Provided by the SAO/NASA Astrophysics Data System}
}

@article{holstein_errata,
  title = {Erratum: Recoil effects in allowed beta decay: The elementary particle approach},
  author = {Holstein, Barry R.},
  journal = {Reviews of Modern Physics},
  volume = {48},
  issue = {4},
  pages = {673--673},
  numpages = {0},
  year = {1976},
  month = {Oct},
  publisher = {American Physical Society},
  doi = {10.1103/RevModPhys.48.673},
  url = {https://link.aps.org/doi/10.1103/RevModPhys.48.673}
}

@article{levinger,
  title = {Effects of Radioactive Disintegrations on Inner Electrons of the Atom},
  author = {Levinger, J. S.},
  journal = {Physical Review},
  volume = {90},
  issue = {1},
  pages = {11--25},
  numpages = {0},
  year = {1953},
  month = {Apr},
  publisher = {American Physical Society},
  doi = {10.1103/PhysRev.90.11},
  url = {https://link.aps.org/doi/10.1103/PhysRev.90.11}
}


@phdthesis{spencer_thesis,
  title={Measurement of the Standard Model Beta Asymmetry Parameter, \ensuremath{A_\beta}, in 37K},
  author={Behling, Richard Spencer},
  school={Texas A\&M University},
  year={2015}
}

@phdthesis{ben_thesis,
  title={Precise measurement of the $\beta$-asymmetry in the decay of magneto-optically trapped, spin-polarized 37K},
  author={Fenker, Benjamin Brown},
  school={Texas A\&M University},
  year={2016}
}

@article{ben_Abeta,
  title = {Precision Measurement of the $\ensuremath{\beta}$ Asymmetry in Spin-Polarized $^{37}\mathrm{K}$ Decay},
  author = {Fenker, B. and Gorelov, A. and Melconian, D. and Behr, J. A. and Anholm, M. and Ashery, D. and Behling, R. S. and Cohen, I. and Craiciu, I. and Gwinner, G. and McNeil, J. and Mehlman, M. and Olchanski, K. and Shidling, P. D. and Smale, S. and Warner, C. L.},
  journal = {Physical Review Letters},
  volume = {120},
  issue = {6},
  pages = {062502},
  numpages = {7},
  year = {2018},
  month = {Feb},
  publisher = {American Physical Society},
  doi = {10.1103/PhysRevLett.120.062502},
  url = {https://link.aps.org/doi/10.1103/PhysRevLett.120.062502}
}

@article{dan_Bnu,
author = {D. Melconian and J.A. Behr and D. Ashery and O. Aviv and P.G. Bricault and M. Dombsky and S. Fostner and A. Gorelov and S. Gu and V. Hanemaayer and K.P. Jackson and M.R. Pearson and I. Vollrath},
title = {Measurement of the neutrino asymmetry in the $\beta$ decay of laser-cooled, polarized 37K},
journal = {Physics Letters B},
volume = {649},
number = {5},
pages = {370-375},
year = {2007},
issn = {0370-2693},
doi = {https://doi.org/10.1016/j.physletb.2007.04.047},
url = {https://www.sciencedirect.com/science/article/pii/S0370269307005205}
}

@book{wong1998,
  booktitle={Introductory Nuclear Physics},
  title={Introductory Nuclear Physics},
  author={Wong, S.S.M.},
  isbn={9780471239734},
  lccn={98003745},
  series={A Wiley-Interscience publication},
  url={https://books.google.ca/books?id=YgkfZgFdui8C},
  year={1998},
  publisher={Wiley}
}


@book{wong1990,
  author={Wong, S.S.M.},
  title={Introductory Nuclear Physics},
  booktitle={Introductory Nuclear Physics},
  isbn={9780134911687},
  lccn={89008755},
  series={Prentice Hall Advanced Reference Series Prentice Hall Labora},
  url={https://books.google.ca/books?id=ssjvAAAAMAAJ},
  year={1990},
  publisher={Prentice Hall}
}


@book{krane,
author = {Krane, Kenneth S.},
address = {New York},
booktitle = {Introductory Nuclear Physics},
isbn = {047180553X},
lccn = {87010623},
publisher = {Wiley},
title = {Introductory Nuclear Physics},
year = {1988},
}

@book{jelley, 
place={Cambridge}, 
title={Fundamentals of Nuclear Physics}, 
DOI={10.1017/CBO9781139167758}, 
publisher={Cambridge University Press}, 
author={Jelley, N. A.}, 
year={1990}
}

@article{SeverijnsTandecki2008,
  title = {$\mathcal{F}t$ values of the $T=1/2$ mirror \ensuremath{\beta} transitions},
  author = {Severijns, N. and Tandecki, M. and Phalet, T. and Towner, I. S.},
  journal = {Physical Review C},
  volume = {78},
  issue = {5},
  pages = {055501},
  numpages = {14},
  year = {2008},
  month = {Nov},
  publisher = {American Physical Society},
  doi = {10.1103/PhysRevC.78.055501},
  url = {https://link.aps.org/doi/10.1103/PhysRevC.78.055501}
}


@ARTICLE{HayenSeverijns2019,
       author = {{Hayen}, Leendert and {Severijns}, Nathal},
        title = "{Radiative corrections to Gamow-Teller decays}",
      journal = {arXiv e-prints},
     keywords = {Nuclear Theory, Nuclear Experiment},
         year = 2019,
        month = jun,
          eid = {arXiv:1906.09870},
        pages = {arXiv:1906.09870},
archivePrefix = {arXiv},
       eprint = {1906.09870},
 primaryClass = {nucl-th},
       adsurl = {https://ui.adsabs.harvard.edu/abs/2019arXiv190609870H},
      adsnote = {Provided by the SAO/NASA Astrophysics Data System}
}


@article{clifford,
title = {Measurements of the response of a hybrid detector telescope to mono-energetic beams of positrons and electrons in the energy range 0.8‚Äì3.8 MeV},
journal = {Nuclear Instruments and Methods in Physics Research},
volume = {224},
number = {3},
pages = {440-447},
year = {1984},
issn = {0167-5087},
doi = {https://doi.org/10.1016/0167-5087(84)90035-8},
url = {https://www.sciencedirect.com/science/article/pii/0167508784900358},
author = {E.T.H. Clifford and E. Hagberg and V.T. Koslowsy and J.C. Hardy and H. Schmeing and R.E. Azuma},
abstract = {The response of a hybrid detector telescope to mono-energetic beams of positrons and electrons has been determined. The particle beams were obtained from the Chalk River iron-free œÄ‚àö2 beta spectrometer, which was equipped with radioactive sources of 66Ga and 106Ru. The measured positron response function was described by one constant and six energy dependent parameters, whereas two constant and three energy dependent parameters sufficed for the electron case. We conclude from a comparison of the detector response for the two types of particles that the practice of deriving positron response functions from measured electron response functions is inadequate for experiments where good precision is required.}
}

@article{hong_sternberg_garcia,
	author = {Hong,Ran  and Sternberg,Matthew G.  and Garcia,Alejandro},
	title = {Helicity and nuclear $\beta$ decay correlations},
	journal = {American Journal of Physics},
	volume = {85},
	number = {1},
	pages = {45-53},
	year = {2017},
	doi = {10.1119/1.4966197},
	URL = {https://aapt.scitation.org/doi/abs/10.1119/1.4966197},
	eprint = {https://aapt.scitation.org/doi/pdf/10.1119/1.4966197}
}

@book{deShalit1963,
  title={Nuclear Shell Theory},
  author={de-Shalit, Amos and Talmi, Igal},
  other={Table 9.1},
  isbn={9780122102509},
  lccn={lc62013088},
  series={Nuclear Shell Theory},
  url={https://books.google.ca/books?id=N4ig\_djg3CAC},
  year={1963},
  publisher={Academic Press}
}

@article{landaudistribution,
  title={On the energy loss of fast particles by ionization},
  author={Landau, Lev Davidovich},
  journal={J. Phys.},
  volume={8},
  pages={201--205},
  year={1944}
}

@article{moyal,
  title={XXX. Theory of ionization fluctuations},
  author={Moyal, J.E.},
  journal={The London, Edinburgh, and Dublin Philosophical Magazine and Journal of Science},
  volume={46},
  number={374},
  pages={263--280},
  year={1955},
  publisher={Taylor \& Francis}
}

@article{shidling2014,
  title = {Precision half-life measurement of the $\beta^{+}$ decay of $^{37}$K},
  author = {Shidling, P. D. and Melconian, D. and Behling, S. and Fenker, B. and Hardy, J. C. and Iacob, V. E. and McCleskey, E. and McCleskey, M. and Mehlman, M. and Park, H. I. and Roeder, B. T.},
  journal={Physical Review C},
  volume = {90},
  issue = {3},
  pages = {032501},
  numpages = {5},
  year = {2014},
  month = {Sep},
  publisher = {American Physical Society},
  doi = {10.1103/PhysRevC.90.032501},
  url = {https://link.aps.org/doi/10.1103/PhysRevC.90.032501}
}

@INPROCEEDINGS{ozmetin2020,
       author = {{Ozmetin}, Asim and {Melconian}, Dan G. and {Iacob}, Victor E. and {Shidling}, Praveen and {Kolhinen}, Veli Sakari and {McClain}, David J. and {Nasser}, Morgan and {Schroeder}, Benjamin and {Roeder}, Brian and {Park}, Hyo-In and {Anholm}, Melissa and {Saastamoinen}, Antti J. and {Trinat Collaboration}},
        title = "{Improving the ft value of 37K via a precision measurement of the branching ratio}",
    booktitle = {APS Division of Nuclear Physics Meeting Abstracts},
         year = 2020,
        month = {Oct},
      adsnote = {Provided by the SAO/NASA Astrophysics Data System}
}

@ARTICLE{pdg2018,
       author = {{Tanabashi}, M. and others},
        title = {Review of Particle Physics},
collaboration = {Particle Data Group},
      journal = {Physical Review D},
       volume = {98},
        issue = {3},
        pages = {030001},
     numpages = {1898},
         year = {2018},
        month = {Aug},
    publisher = {American Physical Society},
          doi = {10.1103/PhysRevD.98.030001},
          url = {https://link.aps.org/doi/10.1103/PhysRevD.98.030001}
}

@article{stragglingLonergan1970,
  title={Electron energy straggling measurements for thick targets of beryllium, aluminum, and gold at 4.0 and 8.0 MeV},
  author={Lonergan, JA and Jupiter, CP and Merkel, G},
  journal={Journal of Applied Physics},
  volume={41},
  number={2},
  pages={678--688},
  year={1970},
  publisher={American Institute of Physics}
}

@article{stragglingRester1971,
author = {Rester,D. H.  and Derrickson,J. H. },
title = {Electron Transmission Measurements for Al, Sn, and Au Targets at Electron Bombarding Energies of 1.0 and 2.5 MeV},
journal = {Journal of Applied Physics},
volume = {42},
number = {2},
pages = {714-721},
year = {1971},
doi = {10.1063/1.1660085},
URL = {https://doi.org/10.1063/1.1660085},
eprint = {https://doi.org/10.1063/1.1660085}
}

@misc{itownerCalcs,
  author       = {Towner, Ian},
  title        = {},
  howpublished = {Private Communication to the TRINAT Collaboration},
  month        = {August},
  year         = {2011},
}

@article{hardytowner2015,
  title={Superallowed $0^+ \rightarrow 0^+$ nuclear $\beta$ decays: 2014 critical survey, with precise results for $V_{ud}$ and CKM unitarity},
  author={Hardy, JC and Towner, IS},
  journal={Physical Review C},
  volume={91},
  number={2},
  pages={025501},
  year={2015},
  publisher={APS}
}

@article{naviliat2009april,
  title = {Test of the Conserved Vector Current Hypothesis in $T=1/2$ Mirror Transitions and New Determination of $|{V}_{ud}|$},
  author = {Naviliat-Cuncic, O. and Severijns, N.},
  journal = {Physical Review Letters},
  volume = {102},
  issue = {14},
  pages = {142302},
  numpages = {4},
  year = {2009},
  month = {April},
  publisher = {American Physical Society},
  doi = {10.1103/PhysRevLett.102.142302},
  url = {https://link.aps.org/doi/10.1103/PhysRevLett.102.142302}
}

@article{naviliat2009june,
  title={$|{V}_{ud}|$ from $T=1/2$ mirror transitions and the role of atom and ion traps},
  author={Naviliat-Cuncic, O and Severijns, Natalis},
  journal={The European Physical Journal A},
  volume={42},
  number={3},
  pages={327--331},
  year={2009},
  month = {June},
  publisher={Springer}
}

@book{mpitt1992,
        author = {{Pitt}, Mark Louis},
        title = "{Test of the Linearity of Quantum Mechanics Using ARGON-37 Polarized by Spin-Exchange Optical Pumping.}",  
        year={1992},
        month={January},
        publisher={Princeton University}
}

@article{minamisono2008quadrupole,
  title={Quadrupole moment of 37K},
  author={Minamisono, K and Mantica, PF and Crawford, HL and Pinter, JS and Stoker, JB and Utsuno, Y and Weerasiri, RR},
  journal={Physics Letters B},
volume = {662},
number = {5},
pages = {389-395},
year = {2008},
issn = {0370-2693},
doi = {https://doi.org/10.1016/j.physletb.2008.03.049},
url = {https://www.sciencedirect.com/science/article/pii/S0370269308003900},
  publisher={Elsevier}
}

@ARTICLE{vonplaten1971,
       author = {{von Platen}, Ch and {Bonn}, J. and {K{\"o}pf}, U. and {Neugart}, R. and {Otten}, E. -W.},
        title = "{Spin exchange polarization and hfs anomaly measurement of {\ensuremath{\beta}}-active$^{37}$K}",
      journal = {Zeitschrift f√ºr Physik},
         year = 1971,
       volume = {244},
       number = {1},
        pages = {44-69},
          doi = {10.1007/BF01394873},
       adsurl = {https://ui.adsabs.harvard.edu/abs/1971ZPhy..244...44V},
      adsnote = {Provided by the SAO/NASA Astrophysics Data System}
}

@article{klein1996,
title = {Moments and mean square charge radii of short-lived argon isotopes},
author = {A. Klein and B.A. Brown and U. Georg and M. Keim and P. Lievens and R. Neugart and M. Neuroth and R.E. Silverans and L. Vermeeren and  {ISOLDE Collaboration}},
journal = {Nuclear Physics A},
volume = {607},
number = {1},
pages = {1-22},
year = {1996},
issn = {0375-9474},
doi = {https://doi.org/10.1016/0375-9474(96)00192-3},
url = {https://www.sciencedirect.com/science/article/pii/0375947496001923}
}


@article{EbelFeldman1957,
title = {Further remarks on Coulomb corrections in allowed beta transitions},
journal = {Nuclear Physics},
volume = {4},
pages = {213-214},
year = {1957},
issn = {0029-5582},
doi = {https://doi.org/10.1016/0029-5582(87)90020-4},
url = {https://www.sciencedirect.com/science/article/pii/0029558287900204},
author = {M.E. Ebel and G. Feldman},
abstract = {The terms which have not been included in the previous paper by Jackson, Treiman and Wyld are added here for completeness.}
}

@article{somerandomthingJohndid2014,
  title={$\beta$-decay angular correlations with neutral atom traps},
  author={Behr, JA and Gorelov, A},
  journal={Journal of Physics G: Nuclear and Particle Physics},
  volume={41},
  number={11},
  pages={114005},
  year={2014},
  publisher={IOP Publishing}
}

@article{somerandomthingTRINATdid2014,
  title={TRINAT: measuring $\beta$-decay correlations with laser-trapped atoms},
  author={Behr, JA and Gorelov, A and Jackson, KP and Pearson, MR and Anholm, M and Kong, T and Behling, RS and Fenker, B and Melconian, D and Ashery, D and others},
  journal={Hyperfine Interactions},
  volume={225},
  number={1},
  pages={115--120},
  year={2014},
  publisher={Springer}
}


@article{TensorLimits8Li2015,
  title = {Limit on Tensor Currents from $^{8}\mathrm{Li}$ $\ensuremath{\beta}$ Decay},
  author = {Sternberg, M. G. and Segel, R. and Scielzo, N. D. and Savard, G. and Clark, J. A. and Bertone, P. F. and Buchinger, F. and Burkey, M. and Caldwell, S. and Chaudhuri, A. and Crawford, J. E. and Deibel, C. M. and Greene, J. and Gulick, S. and Lascar, D. and Levand, A. F. and Li, G. and P\'erez Galv\'an, A. and Sharma, K. S. and Van Schelt, J. and Yee, R. M. and Zabransky, B. J.},
  journal = {Physical Review Letters},
  volume = {115},
  issue = {18},
  pages = {182501},
  numpages = {6},
  year = {2015},
  month = {Oct},
  publisher = {American Physical Society},
  doi = {10.1103/PhysRevLett.115.182501},
  url = {https://link.aps.org/doi/10.1103/PhysRevLett.115.182501}
}

@article{Pitcairn2009,
  title = {Tensor interaction constraints from $\ensuremath{\beta}$-decay recoil spin asymmetry of trapped atoms},
  author = {Pitcairn, J. R. A. and Roberge, D. and Gorelov, A. and Ashery, D. and Aviv, O. and Behr, J. A. and Bricault, P. G. and Dombsky, M. and Holt, J. D. and Jackson, K. P. and Lee, B. and Pearson, M. R. and Gaudin, A. and Dej, B. and H\"ohr, C. and Gwinner, G. and Melconian, D.},
  journal = {Physical Review C},
  volume = {79},
  issue = {1},
  pages = {015501},
  numpages = {11},
  year = {2009},
  month = {Jan},
  publisher = {American Physical Society},
  doi = {10.1103/PhysRevC.79.015501},
  url = {https://link.aps.org/doi/10.1103/PhysRevC.79.015501}
}

@PHDTHESIS{alexandrethesis2008,
       author = {{Gorelov}, Alexandre I.},
        title = "{Positron-neutrino correlation measurements in the beta decay of magneto-optically trapped potassium-38m atoms}",
     keywords = {Physics, Nuclear;Physics, Atomic},
       school = {Simon Fraser University, Canada},
         year = 2008,
        month = jan,
       adsurl = {https://ui.adsabs.harvard.edu/abs/2008PhDT.......197G},
      adsnote = {Provided by the SAO/NASA Astrophysics Data System}
}

@ARTICLE{KinematicFierz2016,
       author = "{{Gonz{\'a}lez-Alonso}, M. and {Naviliat-Cuncic}, O.}",
        title = "{Kinematic sensitivity to the Fierz term of $\beta$-decay differential spectra}",
      journal = {Physical Review C},
     keywords = {Nuclear Experiment, High Energy Physics - Phenomenology, Nuclear Theory},
         year = 2016,
        month = sep,
       volume = {94},
       number = {3},
          eid = {035503},
        pages = {035503},
          doi = {10.1103/PhysRevC.94.035503},
archivePrefix = {arXiv},
       eprint = {1607.08347},
 primaryClass = {nucl-ex},
       adsurl = {https://ui.adsabs.harvard.edu/abs/2016PhRvC..94c5503G},
      adsnote = {Provided by the SAO/NASA Astrophysics Data System}
}

@article{nucleardata2012,
  title={Nuclear data sheets for A= 37},
  author={Cameron, John and Chen, Jun and Singh, Balraj and Nica, Ninel},
  journal={Nuclear Data Sheets},
  volume={113},
  number={2},
  pages={365--514},
  year={2012},
  publisher={Elsevier}
}
@article{ChinPhysC2012,
  author="M. {Wang} and G. {Audi} and A. H. {Wapstra} and F. G. {Kondev} and M. {MacCormick} and X. {Xu} and B. {Pfeiffer}",
  title="The AME2012 atomic mass evaluation (II). Tables, graphs and references",
  journal="Chin.Phys.C",
  year=2012,
  volume="36",
  pages="1603"
}



@article{Falkowski2021,
  title={Comprehensive analysis of beta decays within and beyond the Standard Model},
  author={Falkowski, Adam and Gonz{\'a}lez-Alonso, Mart{\'\i}n and Naviliat-Cuncic, Oscar},
  journal={Journal of High Energy Physics},
  volume={2021},
  number={4},
  pages={1--36},
  year={2021},
  publisher={Springer}
}

@misc{Falkowski2022,
      title={Constraints on subleading interactions in beta decay Lagrangian}, 
      author={Adam Falkowski and Mart√≠n Gonz√°lez-Alonso and Ajdin Palavriƒá and Antonio Rodr√≠guez-S√°nchez},
      year={2022},
      eprint={2112.07688},
      archivePrefix={arXiv},
      primaryClass={hep-ph}
}

@article{HardyTownerSuperallowed2020,
  title = {Superallowed ${0}^{+}\ensuremath{\rightarrow}{0}^{+}$ nuclear $\ensuremath{\beta}$ decays: 2020 critical survey, with implications for ${V}_{\mathit{ud}}$ and CKM unitarity},
  author = {Hardy, J. C. and Towner, I. S.},
  journal = {Physical Review C},
  volume = {102},
  issue = {4},
  pages = {045501},
  numpages = {29},
  year = {2020},
  month = {Oct},
  publisher = {American Physical Society},
  doi = {10.1103/PhysRevC.102.045501},
  url = {https://link.aps.org/doi/10.1103/PhysRevC.102.045501}
}


@article{UCNAfierz2020,
  author = {Sun, X. and others},
  title = {Improved limits on Fierz interference using asymmetry measurements from the Ultracold Neutron Asymmetry (UCNA) experiment},
  collaboration = {UCNA Collaboration},
  journal = {Physical Review C},
  volume = {101},
  issue = {3},
  pages = {035503},
  numpages = {7},
  year = {2020},
  month = {Mar},
  publisher = {American Physical Society},
  doi = {10.1103/PhysRevC.101.035503},
  url = {https://link.aps.org/doi/10.1103/PhysRevC.101.035503}, 
  allauthors = {Sun, X. and Adamek, E. and Allgeier, B. and Bagdasarova, Y. and Berguno, D. B. and Blatnik, M. and Bowles, T. J. and Broussard, L. J. and Brown, M. A.-P. and Carr, R. and Clayton, S. and Cude-Woods, C. and Currie, S. and Dees, E. B. and Ding, X. and Filippone, B. W. and Garc\'{\i}a, A. and Geltenbort, P. and Hasan, S. and Hickerson, K. P. and Hoagland, J. and Hong, R. and Holley, A. T. and Ito, T. M. and Knecht, A. and Liu, C.-Y. and Liu, J. and Makela, M. and Mammei, R. and Martin, J. W. and Melconian, D. and Mendenhall, M. P. and Moore, S. D. and Morris, C. L. and Nepal, S. and Nouri, N. and Pattie, R. W. and P\'erez G\'alvan, A. and Phillips, D. G. and Picker, R. and Pitt, M. L. and Plaster, B. and Salvat, D. J. and Saunders, A. and Sharapov, E. I. and Sjue, S. and Slutsky, S. and Sondheim, W. and Swank, C. and Tatar, E. and Vogelaar, R. B. and VornDick, B. and Wang, Z. and Wei, W. and Wexler, J. W. and Womack, T. and Wrede, C. and Young, A. R. and Zeck, B. A.}
}


@article{Saul2020,
  title = {Limit on the Fierz Interference Term $b$ from a Measurement of the Beta Asymmetry in Neutron Decay},
  author = {Saul, H. and Roick, C. and Abele, H. and Mest, H. and Klopf, M. and Petukhov, A. K. and Soldner, T. and Wang, X. and Werder, D. and M\"arkisch, B.},
  journal = {Physical Review Letters},
  volume = {125},
  issue = {11},
  pages = {112501},
  numpages = {7},
  year = {2020},
  month = {Sep},
  publisher = {American Physical Society},
  doi = {10.1103/PhysRevLett.125.112501},
  url = {https://link.aps.org/doi/10.1103/PhysRevLett.125.112501}
}

@article{gorelov2005scalar,
  title={Scalar interaction limits from the $\beta$- $\nu$ correlation of trapped radioactive atoms},
  author={Gorelov, A and Melconian, D and Alford, WP and Ashery, D and Ball, G and Behr, JA and Bricault, PG and D‚ÄôAuria, JM and Deutsch, J and Dilling, J and others},
  journal={Physical review letters},
  volume={94},
  number={14},
  pages={142501},
  year={2005},
  publisher={APS}
}


@article{Raman1978,
title = {Mixed Fermi and Gamow-Teller $\beta$-transitions and isoscalar magnetic moments},
journal = {Atomic Data and Nuclear Data Tables},
volume = {21},
number = {6},
pages = {567-620},
year = {1978},
issn = {0092-640X},
doi = {https://doi.org/10.1016/0092-640X(78)90008-6},
url = {https://www.sciencedirect.com/science/article/pii/0092640X78900086},
author = {S. Raman and C.A. Houser and T.A. Walkiewicz and I.S. Towner}
}

@INPROCEEDINGS{GCBall2000,
  author={Ball, Gordon C},
  title={Tests of the standard model from nuclear beta-decay studies at ISAC},
  booktitle={From Particles To The Universe},
  pages={148--153},
  year={2001},
  publisher={World Scientific}
}

@article{NeutronAbeta2018,
  author = {Brown, M. A.-P. and others},
  title = {New result for the neutron $\ensuremath{\beta}$-asymmetry parameter ${A}_{0}$ from UCNA},
  collaboration = {UCNA Collaboration},
  journal = {Physical Review C},
  volume = {97},
  issue = {3},
  pages = {035505},
  numpages = {9},
  year = {2018},
  month = {Mar},
  publisher = {American Physical Society},
  doi = {10.1103/PhysRevC.97.035505},
  url = {https://link.aps.org/doi/10.1103/PhysRevC.97.035505}, 
  allauthors = {Brown, M. A.-P. and Dees, E. B. and Adamek, E. and Allgeier, B. and Blatnik, M. and Bowles, T. J. and Broussard, L. J. and Carr, R. and Clayton, S. and Cude-Woods, C. and Currie, S. and Ding, X. and Filippone, B. W. and Garc\'{\i}a, A. and Geltenbort, P. and Hasan, S. and Hickerson, K. P. and Hoagland, J. and Hong, R. and Hogan, G. E. and Holley, A. T. and Ito, T. M. and Knecht, A. and Liu, C.-Y. and Liu, J. and Makela, M. and Martin, J. W. and Melconian, D. and Mendenhall, M. P. and Moore, S. D. and Morris, C. L. and Nepal, S. and Nouri, N. and Pattie, R. W. and P\'erez Galv\'an, A. and Phillips, D. G. and Picker, R. and Pitt, M. L. and Plaster, B. and Ramsey, J. C. and Rios, R. and Salvat, D. J. and Saunders, A. and Sondheim, W. and Seestrom, S. J. and Sjue, S. and Slutsky, S. and Sun, X. and Swank, C. and Swift, G. and Tatar, E. and Vogelaar, R. B. and VornDick, B. and Wang, Z. and Wexler, J. and Womack, T. and Wrede, C. and Young, A. R. and Zeck, B. A.}
}


@article{UCNA_first_superratio,
  author={Pattie, R.W. Jr. and others},
  title = {First Measurement of the Neutron $\ensuremath{\beta}$ Asymmetry with Ultracold Neutrons},
  collaboration = {UCNA Collaboration},
  journal = {Physical Review Letters},
  volume = {102},
  issue = {1},
  pages = {012301},
  numpages = {4},
  year = {2009},
  month = {Jan},
  publisher = {American Physical Society},
  doi = {10.1103/PhysRevLett.102.012301},
  url = {https://link.aps.org/doi/10.1103/PhysRevLett.102.012301},
  allauthors = {Pattie, R. W. and Anaya, J. and Back, H. O. and Boissevain, J. G. and Bowles, T. J. and Broussard, L. J. and Carr, R. and Clark, D. J. and Currie, S. and Du, S. and Filippone, B. W. and Geltenbort, P. and Garc\'{\i}a, A. and Hawari, A. and Hickerson, K. P. and Hill, R. and Hino, M. and Hoedl, S. A. and Hogan, G. E. and Holley, A. T. and Ito, T. M. and Kawai, T. and Kirch, K. and Kitagaki, S. and Lamoreaux, S. K. and Liu, C.-Y. and Liu, J. and Makela, M. and Mammei, R. R. and Martin, J. W. and Melconian, D. and Meier, N. and Mendenhall, M. P. and Morris, C. L. and Mortensen, R. and Pichlmaier, A. and Pitt, M. L. and Plaster, B. and Ramsey, J. C. and Rios, R. and Sabourov, K. and Sallaska, A. L. and Saunders, A. and Schmid, R. and Seestrom, S. and Servicky, C. and Sjue, S. K. L. and Smith, D. and Sondheim, W. E. and Tatar, E. and Teasdale, W. and Terai, C. and Tipton, B. and Utsuro, M. and Vogelaar, R. B. and Wehring, B. W. and Xu, Y. P. and Young, A. R. and Yuan, J.},
}

@article{UCNA_first_Fierz,
  title = {First direct constraints on Fierz interference in free-neutron $\ensuremath{\beta}$ decay},
  author = {Hickerson, K. P. and others},
  collaboration = {UCNA Collaboration},
  journal = {Physical Review C},
  volume = {96},
  issue = {4},
  pages = {042501},
  numpages = {6},
  year = {2017},
  month = {Oct},
  publisher = {American Physical Society},
  doi = {10.1103/PhysRevC.96.042501},
  url = {https://link.aps.org/doi/10.1103/PhysRevC.96.042501},
  allauthors = {Hickerson, K. P. and Sun, X. and Bagdasarova, Y. and Bravo-Bergu\~no, D. and Broussard, L. J. and Brown, M. A.-P. and Carr, R. and Currie, S. and Ding, X. and Filippone, B. W. and Garc\'{\i}a, A. and Geltenbort, P. and Hoagland, J. and Holley, A. T. and Hong, R. and Ito, T. M. and Knecht, A. and Liu, C.-Y. and Liu, J. L. and Makela, M. and Mammei, R. R. and Martin, J. W. and Melconian, D. and Mendenhall, M. P. and Moore, S. D. and Morris, C. L. and Pattie, R. W. and P\'erez Galv\'an, A. and Picker, R. and Pitt, M. L. and Plaster, B. and Ramsey, J. C. and Rios, R. and Saunders, A. and Seestrom, S. J. and Sharapov, E. I. and Sondheim, W. E. and Tatar, E. and Vogelaar, R. B. and VornDick, B. and Wrede, C. and Young, A. R. and Zeck, B. A.}
}

@article{ArgonMinusIons,
  title = {Production and mean-lifetime measurement of metastable Ar$^{-}$ ions},
  author = {Ben-Itzhak, I. and Heber, O. and Gertner, I. and Rosner, B.},
  journal = {Physical Review A},
  volume = {38},
  issue = {9},
  pages = {4870--4871},
  numpages = {0},
  year = {1988},
  month = {Nov},
  publisher = {American Physical Society},
  doi = {10.1103/PhysRevA.38.4870},
  url = {https://link.aps.org/doi/10.1103/PhysRevA.38.4870}
}



@ARTICLE{Combs2020,
       author = {{Combs}, Dustin and {Jones}, Gordon and {Anderson}, William and {Calaprice}, Frank and {Hayen}, Leendert and {Young}, Albert},
        title = "{A look into mirrors: A measurement of the $\beta$-asymmetry in $^{19}$Ne decay and searches for new physics}",
      journal = {arXiv e-prints},
     keywords = {Nuclear Experiment},
         year = 2020,
        month = sep,
          eid = {arXiv:2009.13700},
        pages = {arXiv:2009.13700},
archivePrefix = {arXiv},
       eprint = {2009.13700},
 primaryClass = {nucl-ex},
       adsurl = {https://ui.adsabs.harvard.edu/abs/2020arXiv200913700C},
      adsnote = {Provided by the SAO/NASA Astrophysics Data System}
}

@article{GonzalesalonsoNaviliatcuncicSeverijns2019,
author = {M. Gonz√°lez-Alonso and O. Naviliat-Cuncic and N. Severijns},
title = {New physics searches in nuclear and neutron $\beta$ decay},
journal = {Progress in Particle and Nuclear Physics},
volume = {104},
pages = {165-223},
year = {2019},
issn = {0146-6410},
doi = {https://doi.org/10.1016/j.ppnp.2018.08.002},
url = {https://www.sciencedirect.com/science/article/pii/S0146641018300735}
}

@article{newphysics_cirgiliano2019,
  title={Precision beta decay as a probe of new physics},
  author={Cirgiliano, Vincenzo and Garcia, Alejandro and Gazit, Doron and Naviliat-Cuncic, Oscar and Savard, Guy and Young, Albert},
  journal={arXiv preprint arXiv:1907.02164},
  year={2019}
}


@article{newphysics_neutrinoless2015,
  title={New physics effects on neutrinoless double beta decay from right-handed current},
  author={Ge, Shao-Feng and Lindner, Manfred and Patra, Sudhanwa},
  journal={Journal of High Energy Physics},
  volume={2015},
  number={10},
  pages={1--18},
  year={2015},
  publisher={Springer}
}

@article{newphysics_neutrinoless2007,
  title={Probing new physics in the neutrinoless double beta decay using electron angular correlation},
  author={Ali, Ahmed and Borisov, Anatolij Vasil πevi{\v{c}} and Zhuridov, DV},
  journal={Physical Review D},
  volume={76},
  number={9},
  pages={093009},
  year={2007},
  publisher={APS}
}

@article{newphysics_1998,
  title={Status and Perspectives of Double Beta Decay‚ÄîWindow to New Physics Beyond the Standard Model of Particle Physics},
  author={Klapdor-Kleingrothaus, HV},
  journal={International Journal of Modern Physics A},
  volume={13},
  number={23},
  pages={3953--3992},
  year={1998},
  publisher={World Scientific}
}

@article{newphysics_1992langacker,
  title={High-precision electroweak experiments: a global search for new physics beyond the Standard Model},
  author={Langacker, Paul and Luo, Mingxing and Mann, Alfred K},
  journal={Reviews of Modern Physics},
  volume={64},
  number={1},
  pages={87},
  year={1992},
  publisher={APS}
}


@article{TownerHardy2008,
  title = {Improved calculation of the isospin-symmetry-breaking corrections to superallowed Fermi $\beta$ decay},
  author = {Towner, I. S. and Hardy, J. C.},
  journal = {Physical Review C},
  volume = {77},
  issue = {2},
  pages = {025501},
  numpages = {15},
  year = {2008},
  month = {Feb},
  publisher = {American Physical Society},
  doi = {10.1103/PhysRevC.77.025501},
  url = {https://link.aps.org/doi/10.1103/PhysRevC.77.025501}
}

@article{JausRasche1990,
  title = {Nuclear-structure dependence of $O(\ensuremath{\alpha})$ corrections to Fermi decays and the value of the Kobayashi-Maskawa matrix element ${V}_{\mathrm{ud}}$},
  author = {Jaus, W. and Rasche, G.},
  journal = {Physical Review D},
  volume = {41},
  issue = {1},
  pages = {166--176},
  numpages = {0},
  year = {1990},
  month = {Jan},
  publisher = {American Physical Society},
  doi = {10.1103/PhysRevD.41.166},
  url = {https://link.aps.org/doi/10.1103/PhysRevD.41.166}
}

@article{barker1992,
title = {Determination of $|V_{ud}|$ from Fermi decays and the unitarity of the KM-mixing matrix},
author = {F.C. Barker and B.A. Brown and W. Jaus and G. Rasche},
journal = {Nuclear Physics A},
volume = {540},
number = {3},
pages = {501-519},
year = {1992},
issn = {0375-9474},
doi = {https://doi.org/10.1016/0375-9474(92)90171-F},
url = {https://www.sciencedirect.com/science/article/pii/037594749290171F},
abstract = {We re-evaluate the ∆ít-values and their radiative corrections for the eight superallowed Œ≤+ decays for which very accurate data are available and also include the results for 10C, for which the measurements are approaching a similar accuracy. The main new feature is a recalculation of the nuclear-structure dependent part CNS of the O(Œ±) radiative correction using wave functions more realistic than those used previously. This determines the value of the element Vud of the quark mixing matrix. Moreover, we recalculate Vus in the framework of a quark model. The resulting values of these two matrix elements indicate a violation of unitarity of the mixing matrix. We discuss implications of this regarding possible extensions of the minimal version of the standard model of electroweek interactions.}
}

@article{Towner1992,
author = {I.S. Towner},
title = {The nuclear-structure dependence of radiative corrections in superallowed Fermi beta-decay},
journal = {Nuclear Physics A},
volume = {540},
number = {3},
pages = {478-500},
year = {1992},
issn = {0375-9474},
doi = {https://doi.org/10.1016/0375-9474(92)90170-O},
url = {https://www.sciencedirect.com/science/article/pii/037594749290170O},
abstract = {We give a shell-model calculation of the nuclear-structure-dependent axial-vector contribution of the Born graphs to the radiative correction in superallowed Fermi Œ≤-decay. The impact of the correction is to give a modest improvement in the test of the conserved-vector-current (CVC) hypothesis, and a slightly smaller value of the quark-mixing matrix element, Vud. The test of the unitary of the first row of the Kobayashi-Maskawa matrix gives: Vud2 + ŒΩus2 + Vub2 = 0.9962 ¬± 0.0016, violating the three-generation standard model. Hints from neutron-only data suggest that nuclear-structure corrections in superallowed Fermi Œ≤-decay are still not fully under control.}
}

@article{Towner1994,
author = {I.S. Towner},
title = {Quenching of spin operators in the calculation of radiative corrections for nuclear beta decay},
journal = {Physics Letters B},
volume = {333},
number = {1},
pages = {13-16},
year = {1994},
issn = {0370-2693},
doi = {https://doi.org/10.1016/0370-2693(94)91000-6},
url = {https://www.sciencedirect.com/science/article/pii/0370269394910006},
abstract = {Calculations of the axial-vector component to the radiative correction for superallowed Fermi 0+‚Üí0+ nuclear beta decay are here modified with quenched rather than free-nucleon coupling constants for the axial-vector and electromagnetic interactions with nucleons. The result increases the deduced value of Vud but does not restore unitarity in the CKM matrix.}
}



@article{towner_hardy_1995_frombook,
  title={Currents and their couplings in the weak sector of the standard model},
  author={Towner, I.S. and Hardy, J.C.},
  journal={Symmetries and fundamental interactions in nuclei},
  pages={183},
  year={1995},
  publisher={World Scientific, Singapore}
}

@article{HardyTowner2005_Superallowed,
  title={Superallowed $0^+ \rightarrow 0^+$ nuclear $\beta$ decays: A critical survey with tests of the conserved vector current hypothesis and the standard model},
  author={Hardy, John C and Towner, IS},
  journal={Physical Review C},
  volume={71},
  number={5},
  pages={055501},
  year={2005},
  publisher={APS}
}

@article{severijns2006,
  title = {Tests of the standard electroweak model in nuclear beta decay},
  author = {Severijns, Nathal and Beck, Marcus and Naviliat-Cuncic, Oscar},
  journal = {Reviews of Modern Physics},
  volume = {78},
  issue = {3},
  pages = {991--1040},
  numpages = {0},
  year = {2006},
  month = {Sep},
  publisher = {American Physical Society},
  doi = {10.1103/RevModPhys.78.991},
  url = {https://link.aps.org/doi/10.1103/RevModPhys.78.991}
}

@article{MarcianoSirlin_1986,
  title = {Radiative corrections to \ensuremath{\beta} decay and the possibility of a fourth generation},
  author = {Marciano, W. J. and Sirlin, A.},
  journal = {Physical Review Letters},
  volume = {56},
  issue = {1},
  pages = {22--25},
  numpages = {0},
  year = {1986},
  month = {Jan},
  publisher = {American Physical Society},
  doi = {10.1103/PhysRevLett.56.22},
  url = {https://link.aps.org/doi/10.1103/PhysRevLett.56.22}
}

@article{MarcianoSirlin_2006,
  title = {Improved Calculation of Electroweak Radiative Corrections and the Value of ${V}_{ud}$},
  author = {Marciano, William J. and Sirlin, Alberto},
  journal = {Physical Review Letters},
  volume = {96},
  issue = {3},
  pages = {032002},
  numpages = {4},
  year = {2006},
  month = {Jan},
  publisher = {American Physical Society},
  doi = {10.1103/PhysRevLett.96.032002},
  url = {https://link.aps.org/doi/10.1103/PhysRevLett.96.032002}
}

@article{CzarneckiMarcianoSirlin_2019,
  title = {Radiative corrections to neutron and nuclear beta decays revisited},
  author = {Czarnecki, Andrzej and Marciano, William J. and Sirlin, Alberto},
  journal = {Physical Review D},
  volume = {100},
  issue = {7},
  pages = {073008},
  numpages = {11},
  year = {2019},
  month = {Oct},
  publisher = {American Physical Society},
  doi = {10.1103/PhysRevD.100.073008},
  url = {https://link.aps.org/doi/10.1103/PhysRevD.100.073008}
}


@article{wilkinson2,
author = {D.H. Wilkinson},
title = {Evaluation of beta-decay: II. Finite mass and size effects},
journal = {Nuclear Instruments and Methods in Physics Research Section A: Accelerators, Spectrometers, Detectors and Associated Equipment},
volume = {290},
number = {2},
pages = {509-515},
year = {1990},
issn = {0168-9002},
doi = {https://doi.org/10.1016/0168-9002(90)90570-V},
url = {https://www.sciencedirect.com/science/article/pii/016890029090570V},
abstract = {The effects on the rate of allowed beta-decay of finite masses for the neutrino and for the nucleus are evaluated. The effects of the finite size of the nucleus in determining the magnitude of the electron wavefunction within the nucleus is evaluated for the case that the nuclear charge distribution is represented by a uniformly charged sphere; this evaluation is parameterized analytically with an accuracy of 1 part in 104 for values of the nuclear radius corresponding to the region between the neutron and proton drip lines for $Z\leq 60$. The effects of the convolution of the nucleon and lepton wavefunctions are evaluated in alternative approximations for the case that the nucleon wavefunctions are constant within the nuclear volume. The results of the convolution are presented graphically and are also parameterized analytically.}
}

@article{wilkinson3,
author = {D.H. Wilkinson},
title = {Evaluation of beta-decay Part III. The complex gamma function},
journal = {Nuclear Instruments and Methods in Physics Research Section A: Accelerators, Spectrometers, Detectors and Associated Equipment},
volume = {335},
number = {1},
pages = {305-309},
year = {1993},
issn = {0168-9002},
doi = {https://doi.org/10.1016/0168-9002(93)90285-P},
url = {https://www.sciencedirect.com/science/article/pii/016890029390285P},
abstract = {Two real, analytical, approximations for the square of the modulus of the complex gamma function as it appears in $F(Z, W)$, the Fermi function for beta-decay, are evaluated; an accuracy bettering $10^{‚àí4}$\% can easily be achieved for all electron energies throughout the periodic table.}
}

@article{wilkinson4,
author = {D.H. Wilkinson},
title = {Evaluation of beta-decay Part IV. The complex gamma function; practicalities},
journal = {Nuclear Instruments and Methods in Physics Research Section A: Accelerators, Spectrometers, Detectors and Associated Equipment},
volume = {365},
number = {1},
pages = {203-207},
year = {1995},
issn = {0168-9002},
doi = {https://doi.org/10.1016/0168-9002(95)00485-8},
url = {https://www.sciencedirect.com/science/article/pii/0168900295004858},
abstract = {Two easily-evaluated approximations for the square of the modulus of the complex gamma-function as it appears in $F(Z, W)$, the Fermi function for beta-decay, are presented, one for high and the other for low electron energies. When grafted together at the appropriate electron energy as a function of Z the greatest error increases from less than $10^{‚àí5}$\% for low Z and reaches $10^{‚àí2}$\% only at $Z \approx 90.}
}
